1904 3308
447 218 601 256 xxxxviii
823 215 1066 262 sYNoPsis
1093 226 1412 265 ANALYTICA

445 326 509 363 effe
537 328 695 373 inventa,
716 343 828 379 quam
848 345 889 368 ea
907 346 988 381 quae
1012 333 1192 382 pertinent
1214 334 1258 370 ad
1278 336 1539 384 εὐσχημοσύνην,
1555 340 1723 372 ornatum
1751 339 1788 371 et

444 390 674 439 elegantiam.
728 393 918 432 Utendum
946 396 1040 432 reete
1072 397 1240 434 inventis.
1297 398 1506 435 Quaerenda
1532 412 1614 448 quae
1641 398 1790 435 suerunt

445 454 582 490 omissa.
636 456 810 506 Sumptus
838 471 956 494 rerum
984 459 1190 496 divinarum
1219 461 1344 496 debere
1361 461 1425 497 effe
1443 473 1653 498 communes
1677 461 1790 498 totius

242 518 398 566 Agri-pars
446 517 616 555 civitatis.
672 520 765 568 Agri
794 521 882 556 duas
911 521 1036 558 debere
1061 522 1127 558 effe
1154 531 1286 571 partes,
1306 522 1504 572 publicam,
1532 531 1567 560 et
1595 524 1788 572 privatam.

239 560 411 632 Ζῗῆἳξξὲἓ,
449 581 653 633 Utramque
679 585 796 621 adhuc
823 585 1019 634 duplicem.
1075 587 1232 623 Publicae
1262 588 1409 636 quidem
1437 600 1549 624 unam
1573 591 1615 630 εἷς
1640 587 1702 630 τὰς
1720 598 1788 625 λιι-

237 644 399 684 betperti-
446 648 611 697 τουργίας,
645 648 690 684 ad
717 648 842 684 divina
873 648 1013 695 officia3
1042 650 1207 694 alteram,
1239 652 1283 687 ad
1314 650 1480 700 sumptus
1510 639 1786 688 conviviorum:

238 696 322 717 κη’
447 710 600 760 privatae
628 724 710 747 vero
739 724 861 754 unam,
885 714 967 763 ωςὸς
993 713 1056 756 τὰς
1085 714 1268 763 ἐσχατιὰς,
1294 715 1338 751 ad
1369 714 1457 752 fines
1487 714 1644 764 regionis
1660 731 1670 760 3
1701 715 1790 751 alte-

448 787 539 818 ram,
560 775 602 811 ad
623 776 761 812 urbem.
816 777 874 812 Sic
891 777 989 813 enim
1010 784 1045 814 et
1065 779 1164 814 urbis
1182 786 1216 814 et
1235 778 1365 815 finium
1387 780 1543 828 regionis
1570 778 1701 828 finguli
1727 791 1791 815 cu-

448 852 526 875 ram
562 841 746 876 habebunt
782 839 970 889 majorem,
1006 848 1041 878 et
1075 843 1121 878 ab
1156 843 1314 879 hostibus
1349 843 1562 892 diligentius
1599 843 1790 878 cavebunt.

450 902 538 939 Quo
558 902 636 939 loco
656 903 846 939 Politicum
868 905 1109 952 quorumdam
1139 905 1345 942 institutum
1369 911 1642 950 commemorat,
1663 905 1726 954 qui
1748 905 1793 941 ad

447 965 634 1002 confilium
653 967 697 1002 de
715 966 808 1002 bello
836 965 1004 1003 finitimis
1032 967 1230 1011 inferendo,
1257 968 1393 1005 vicinos
1420 969 1608 1018 indigenas
1627 981 1701 1004 non
1729 980 1793 1003 vo-

449 1034 547 1073 cant,
566 1042 723 1078 quorum
743 1031 788 1066 ob
807 1042 880 1066 rem
911 1031 1091 1079 privatam
1119 1030 1321 1080 suspeftum
1352 1032 1394 1068 fit
1421 1032 1623 1068 confilium.
1678 1027 1795 1068 Addit

448 1093 607 1142 optabile
633 1093 712 1138 effe,
742 1099 782 1129 ut
811 1093 874 1143 qui
902 1107 1030 1143 agrum
1060 1094 1197 1138 colunt,
1222 1096 1289 1140 fint
1316 1095 1403 1133 servi
1428 1096 1646 1133 diversarum
1675 1097 1794 1133 natio-

449 1169 554 1200 num,
585 1156 745 1193 imbelles
775 1169 815 1193 ac
847 1157 999 1193 minime
1028 1159 1196 1207 generosi,
1220 1159 1266 1200 ob
1293 1150 1431 1196 metum
1460 1172 1578 1196 rerum
1606 1171 1795 1196 novarum.

450 1221 529 1256 Aut
547 1226 640 1256 certe
658 1220 815 1263 barbari,
836 1219 892 1257 sed
913 1220 1059 1269 ingenio
1074 1228 1204 1258 natura
1224 1220 1351 1259 servili.
1406 1223 1510 1260 Duos
1530 1230 1651 1260 autem
1669 1235 1794 1259 eorum

450 1292 615 1335 oportere
641 1285 706 1322 effe
733 1285 889 1330 ordines,
918 1299 1033 1322 unum
1064 1287 1302 1335 privatorum,
1323 1288 1386 1337 qui
1414 1288 1545 1325 scilicet
1571 1288 1796 1338 privatorum

452 1362 557 1399 agros
588 1350 657 1386 fint
686 1349 890 1391 exculturi;
919 1350 1072 1386 alterum
1107 1350 1348 1401 publicorum,
1380 1352 1445 1405 qui
1479 1352 1702 1403 Reipublicae
1728 1352 1798 1388 five

452 1426 664 1461 communes
682 1426 786 1463 agros
806 1413 940 1450 araturi
961 1414 1040 1451 fint.

924 1519 987 1557 Ad
1006 1520 1092 1571 Cap.
1112 1520 1327 1560 undecimum.

438 1653 443 1656 Δ
507 1604 655 1648 Statuit,
676 1617 757 1641 eum
777 1604 903 1641 debere
921 1604 984 1641 effe
1003 1604 1102 1641 urbis
1130 1605 1251 1649 fitum,
1269 1611 1312 1641 ut
1328 1610 1363 1642 et
1381 1605 1601 1642 continentis
1627 1611 1663 1642 et
1690 1605 1801 1643 maris

454 1669 712 1705 commoditate
740 1669 911 1705 abundet.
963 1668 1062 1705 Tum
1083 1674 1239 1717 quatuor
1265 1667 1330 1704 effe
1360 1667 1552 1718 speetanda
1579 1669 1616 1704 in
1645 1670 1711 1705 fitu
1738 1681 1798 1705 ur-

455 1733 511 1769 bis
526 1748 537 1777 5
566 1732 840 1775 Valetudinem,
860 1745 943 1780 quae
962 1733 1007 1768 ab
1026 1731 1115 1768 aeris
1143 1739 1178 1768 et
1207 1738 1395 1768 ventorum
1415 1731 1620 1768 salubritate
1639 1732 1801 1768 maxime

455 1797 644 1846 dependet.
698 1797 828 1845 Itaque
855 1796 960 1832 urbes
987 1796 1032 1831 ad
1058 1795 1232 1832 orientem
1264 1796 1388 1832 debere
1418 1794 1604 1831 converti:
1635 1795 1803 1831 Politicas

248 1870 361 1901 Facilis
379 1878 432 1899 ac-
457 1862 630 1905 affioms,
658 1867 700 1898 ut
728 1860 930 1910 expeditius
947 1859 1061 1895 fiant:
1093 1872 1166 1895 rem
1195 1859 1377 1903 bellicam,
1400 1859 1451 1895 ita
1478 1865 1519 1895 ut
1548 1848 1632 1894 urbs
1652 1858 1692 1895 fit
1713 1858 1804 1895 civi-

246 1913 394 1986 ggtileilis
457 1927 525 1963 bus
544 1924 702 1970 εὗέξοὸοςς
735 1924 892 1960 hostibus
919 1936 1003 1961 vero
1030 1921 1254 1973 δυσπρόσοδος,
1274 1922 1333 1959 καὶ
1361 1921 1633 1973 δυσπερίληπτος.
1687 1922 1806 1958 Deni-

251 2004 346 2036 captu
362 1996 411 2026 vel
459 2003 528 2040 que
547 2001 726 2039 aquarum
757 1996 792 2024 et
818 1988 1041 2037 stagnorum,
1064 2000 1146 2036 quae
1172 1985 1356 2035 suppetere
1375 1986 1519 2028 debent,
1538 1986 1594 2022 vel
1614 1999 1656 2022 ex
1676 1992 1807 2022 natura

249 2039 380 2071 ddbffi'·
458 2053 544 2097 loci,
576 2052 632 2089 vel
664 2065 708 2088 ex
741 2050 980 2100 amplioribus
1007 2042 1190 2092 cisternis,
1213 2062 1302 2098 quas
1333 2057 1436 2085 vocat
1465 2048 1636 2098 ὑποδοχὰς
1667 2051 1808 2100 ὅμβρίοις

461 2116 579 2155 ὕδασιν
598 2115 756 2165 ἀφθᾶνοις
775 2114 833 2151 καὶ
853 2114 1022 2162 μεγάλαις,
1040 2113 1160 2163 postea
1186 2113 1263 2162 agit
1289 2113 1359 2162 περὶ
1380 2114 1484 2150 τόπων
1504 2106 1655 2163 ἐρυμνῶν,
1674 2112 1716 2148 de
1732 2112 1810 2149 locis

461 2180 610 2224 munitis,
640 2180 710 2215 five
733 2179 777 2215 de
805 2178 1002 2222 moenibus,
1031 2176 1191 2213 turribus
1206 2191 1217 2221 5
1245 2175 1422 2225 docetque
1447 2188 1520 2212 non
1547 2176 1671 2212 eodem
1701 2176 1811 2212 modo

462 2245 612 2282 urbibus
632 2243 834 2284 convenire,
853 2241 910 2277 sed
938 2254 1004 2290 pro
1030 2240 1166 2277 diverso
1193 2239 1419 2289 Reipublicae
1438 2239 1543 2283 statu,
1562 2239 1699 2276 diversa
1717 2239 1782 2276 effe
1798 2254 1810 2275 ε

465 2311 513 2346 fic
541 2321 658 2345 arcem
690 2307 839 2349 editam,
868 2307 1056 2356 ἆκςόπολιν,
1084 2303 1319 2353 Oligarchico
1346 2304 1402 2353 vel
1433 2303 1674 2340 Monarchico
1703 2303 1810 2340 statui

466 2371 673 2414 convenire,
692 2370 737 2406 ad
754 2368 952 2406 custodiam
974 2368 1081 2417 regis,
1100 2367 1156 2403 vel
1178 2367 1387 2416 principum
1404 2382 1414 2412 5
1444 2366 1513 2403 1οεί
1540 2380 1622 2403 vero
1648 2366 1813 2417 aequabi-

466 2437 608 2473 litatem
635 2435 846 2482 ὁμαλότητα,
865 2431 1133 2468 Democratiae:
1164 2430 1408 2467 Aristocratiae
1435 2435 1555 2466 autem
1583 2430 1661 2466 loca
1690 2430 1813 2466 muni-

466 2500 560 2537 tiora
578 2498 708 2548 plura:
739 2495 825 2545 quia
842 2495 920 2531 haec
939 2506 1116 2543 magnum
1137 2493 1288 2542 requirit
1315 2493 1534 2542 praefidium,
1561 2494 1608 2529 ob
1635 2492 1813 2530 invidiam

275 2566 305 2585 '⁶
468 2551 773 2604 ambitiosorum3
807 2558 871 2595 illa
898 2558 1121 2594 minimum:
1158 2569 1242 2593 cum
1274 2569 1400 2593 omnes
1430 2557 1542 2593 etiam
1574 2556 1814 2606 pauperrimi,

471 2625 617 2676 imperii
635 2616 827 2661 'summam
858 2628 1015 2659 teneant.
1069 2620 1162 2658 Vult
1188 2633 1275 2669 ergo
1303 2620 1512 2657 Aristoteles
1538 2620 1720 2657 munitam
1750 2621 1816 2675 effe

262 2693 442 2727 Munienda
471 2691 656 2728 moenibus
674 2689 817 2731 urbem,
838 2687 883 2723 ad
901 2692 1069 2722 ornatum
1091 2683 1281 2733 majorem,
1299 2685 1345 2721 ad
1369 2682 1518 2720 salutem
1537 2693 1573 2720 et
1591 2684 1819 2721 securitatem

262 2738 424 2769 moenibus

470 2754 623 2797 civium,
657 2759 694 2789 et
725 2752 771 2788 ad
804 2750 958 2787 hostium
992 2755 1178 2786 terrorem.
1231 2747 1365 2786 Miscet
1392 2747 1559 2784 nonnihil
1592 2748 1637 2784 de
1666 2747 1819 2798 privatis

472 2816 650 2860 aedificiis,
670 2815 709 2853 in
728 2814 862 2866 quibus
879 2812 1086 2850 extruendis
1113 2811 1166 2850 ait
1191 2811 1317 2849 debere
1343 2817 1380 2848 et
1405 2810 1629 2862 splendorem
1649 2811 1718 2848 five
1734 2810 1819 2862 pul-

263 2781 384 2812 civitas.
