1846 3250
138 2426 255 2457 Civitas
269 2427 311 2457 est

137 2469 285 2508 quaedarn

136 2511 317 2543 communi·

136 2559 194 2585 tas.

372 149 462 188 xviii
740 153 987 195 SYNOPSIS
1013 157 1094 195 AN
1096 158 1334 198 ALYTICA

371 257 523 294 artifices
541 271 648 308 opera
667 259 740 299 sua.
793 263 981 300 Admonet
991 278 1091 317 uvero
1109 266 1293 304 au<9mrem
1306 269 1457 306 virtutis
1476 269 1514 306 in
1533 268 1631 306 servo
1648 267 1715 307 effe

368 320 576 366 dominum,
605 335 678 360 non
712 325 924 375 magistrum
957 327 1139 365 servilium
1177 343 1383 379 operarum,
1415 332 1623 376 dominum,
1655 333 1714 369 in-

369 395 497 432 quam,
518 385 582 435 qui
602 385 741 424 servum
763 396 921 434 moneat,
940 390 1102 440 castiget,
1124 391 1186 442 ipsi
1214 395 1353 443 agenda
1373 395 1588 444 praescribat,
1606 408 1711 432 eum-

367 459 439 495 que
466 448 532 485 usu
559 450 737 500 paulatim
769 453 891 502 reddat
920 456 1086 503 probum.
1143 457 1327 495 Caeterum
1361 458 1490 510 saepius
1523 460 1716 512 magisque,

366 510 482 548 servos
501 512 565 549 esse
584 515 821 564 castigandos,
843 530 954 566 qnam
975 518 1118 556 liberos.

417 571 614 633 Concludit
631 578 675 614 de
693 579 863 616 uxoribus
886 587 923 617 et
949 581 1068 618 liberis
1095 583 1276 632 agendum
1304 584 1368 622 effe
1387 585 1424 622 in
1445 585 1520 636 ipsa
1545 586 1710 636 Reipub-

363 638 445 675 licae
472 640 698 679 traetatione.
753 642 850 679 Cum
869 651 1031 694 oporteat
1053 657 1182 683 uxores
1201 647 1314 684 bonas
1332 648 1412 694 effe,
1431 650 1561 686 liberos
1581 650 1708 694 bonos,
1763 642 1765 644 ,

363 708 406 739 ut
436 703 532 740 bona
562 705 604 741 fit
626 705 781 751 civitas;
812 706 891 743 illas
919 709 1081 757 quidem,
1101 710 1188 758 quia
1205 709 1286 748 sunt
1305 712 1500 749 liberorum
1527 713 1708 763 capitum,

362 766 430 803 five
448 767 624 812 virorum,
645 770 708 818 qui
726 770 911 807 civitatem
940 773 1176 817 constituunt,
1205 787 1286 824 pars
1315 777 1493 813 dimidia:
1524 777 1587 814 hos
1614 790 1711 820 vero,

361 830 450 878 quia
480 830 562 868 sunt
589 832 817 881 Reipublicae
845 833 995 880 semina,
1023 850 1043 872 e
1071 837 1204 886 quibus
1231 839 1379 876 tandem
1406 841 1502 877 cives
1530 841 1707 879 oriantur.

360 893 411 929 Et
438 893 557 931 statim
587 896 769 946 proposito
795 896 937 934 dicendi
962 899 1033 936 alio
1059 899 1166 938 initio
1192 902 1317 938 transit
1336 903 1381 940 ad
1400 903 1553 940 Librum
1581 903 1705 940 secun-

359 958 463 997 dum.

923 1100 1122 1127 *—

416 1204 571 1261 LIBER
597 1224 874 1264 SECUNDUS
902 1226 1273 1268 POLITICORUM
1299 1229 1652 1270 ARISTOTELIS.

357 1293 632 1364 CONSTAT
656 1329 846 1365 duodecim
874 1330 1071 1380 capitibus,
1098 1331 1181 1368 licet
1208 1331 1408 1377 Perionius,
1428 1331 1555 1378 Casus,
1571 1339 1608 1370 et
1631 1333 1699 1371 Gi-

354 1394 512 1442 phanius
530 1395 652 1431 decem
684 1402 828 1432 tantum
857 1396 1088 1434 constituant.
1143 1398 1187 1435 In
1206 1397 1263 1434 his
1283 1406 1424 1436 enarrat
1449 1406 1557 1449 atque
1585 1401 1708 1450 etiam„
1732 1446 1736 1449 ›

354 1458 398 1494 ad
430 1471 581 1494 examen
609 1465 713 1495 vocat
741 1459 948 1496 Aristoteles
981 1459 1098 1496 varias
1124 1461 1350 1511 Reipublicae
1375 1463 1539 1511 gerendae
1564 1462 1700 1500 formas

352 1528 388 1557 et
418 1521 592 1564 instituta,
622 1534 705 1571 quae
731 1521 795 1559 sua
827 1523 1046 1573 potiffimum
1073 1530 1178 1560 aetate
1206 1523 1396 1569 florebant,
1417 1531 1452 1562 et
1481 1525 1536 1562 vel
1569 1526 1606 1562 in
1634 1525 1699 1563 usu

352 1590 469 1628 erant,
488 1585 543 1621 vel
562 1584 694 1634 scripto
719 1591 864 1622 tantum
893 1587 962 1623 five
993 1585 1157 1623 doetrina
1183 1587 1417 1625 tradebantur
1436 1601 1457 1625 a
1475 1579 1700 1639 Philosophis

353 1650 585 1700 quibusdam,
605 1651 660 1689 vel
679 1663 700 1687 a
718 1651 893 1689 Politicis.

860 1757 923 1794 Ad
941 1757 1024 1809 Cap.
1037 1759 1198 1809 primum.

401 1842 459 1880 Ut
495 1844 676 1893 optimam
709 1843 825 1880 civilis
858 1843 1034 1900 societatis
1071 1842 1227 1881 formam
1261 1845 1442 1889 exhibeat,
1475 1844 1598 1882 statuit
1633 1845 1698 1883 effiz

349 1905 450 1956 prius
482 1907 714 1944 excutiendas
747 1907 955 1956 insigniores
986 1908 1172 1951 πολιτείας,
1200 1915 1236 1944 et
1267 1908 1400 1958 quibus
1431 1908 1520 1944 bene
1548 1917 1698 1946 moratae

349 1970 515 2008 civitates
542 1977 711 2015 utuntur,
732 1977 773 2007 ut
802 1971 892 2020 quid
919 1971 1057 2007 rectum
1088 1971 1125 2006 in
1155 1970 1225 2008 illis
1249 1978 1284 2007 et
1303 1971 1392 2020 quid
1413 1970 1450 2007 in
1471 1971 1515 2007 iis
1533 1984 1616 2020 quae
1635 1971 1697 2008 suo
1736 1968 1738 1971 ’

348 2040 511 2085 tempore
537 2035 676 2084 vigent,
696 2046 848 2084 pravum
877 2034 932 2078 sit,
962 2034 1198 2083 intelligatur.
1255 2033 1343 2070 Quo
1370 2034 1449 2071 loco
1477 2034 1696 2084 Rempubli-

349 2110 430 2135 cam
449 2099 645 2148 optimam,
662 2098 700 2134 in
719 2110 791 2146 qua
810 2097 943 2134 scilicet
960 2098 1084 2134 omnia
1099 2111 1140 2134 ea
1159 2097 1285 2147 praesto
1302 2097 1399 2141 sunt,
1417 2112 1498 2148 quae
1517 2099 1562 2135 ad
1583 2099 1696 2137 vitam

348 2161 585 2198 beatissimam
620 2161 874 2205 desiderantur,
912 2161 1093 2210 eleganter
1130 2167 1234 2198 vocat
1271 2162 1431 2210 μάλιστα
1466 2161 1544 2199 κατ’
1579 2161 1695 2213 εὐχὴν,

351 2225 512 2263 maxime
531 2239 573 2262 ex
591 2225 706 2262 animi
726 2224 914 2269 sententia,
935 2225 1089 2269 Gallice,
1107 2222 1131 2262 ἃ
1141 2223 1389 2275 plcinsbuhait.

400 2288 557 2327 Orditur
581 2301 666 2339 ergo
693 2302 716 2326 a
740 2289 877 2326 civium
907 2290 1186 2334 communitate,
1206 2289 1380 2339 docetque
1405 2289 1558 2326 omnino
1575 2290 1696 2328 neces-

348 2354 427 2391 sum
454 2355 534 2399 efl'e,
553 2360 596 2391 ut
624 2354 718 2390 inter
744 2353 839 2390 cives
867 2352 991 2390 o‘mnia
1018 2354 1085 2390 sint
1110 2353 1334 2395 communia,
1354 2353 1410 2390 vel
1437 2354 1619 2403 quaedam,
1639 2351 1698 2393 vel

349 2417 456 2455 nihil.
512 2418 570 2454 Ac
588 2416 751 2467 primum
772 2411 920 2465 quidem
939 2416 1043 2453 facile
1063 2416 1185 2453 statuit
1207 2429 1281 2454 non
1300 2417 1393 2467 posse
1411 2417 1504 2454 nihil
1522 2417 1587 2455 effe
1604 2418 1695 2456 civi-

347 2482 413 2517 bus
442 2493 664 2527 commune5
695 2479 783 2529 quia
809 2479 953 2524 civitas,
973 2480 1121 2517 κοινωνία
1149 2481 1198 2522 τίς
1226 2483 1312 2524 ἔστι,
1340 2479 1460 2530 estque
1487 2481 1567 2518 loco
1595 2495 1696 2520 com-

348 2544 454 2581 muni
473 2544 636 2588 definita,
656 2550 692 2581 et
712 2543 775 2593 ipsi
796 2543 890 2580 cives
909 2542 992 2580 sunt
1009 2543 1118 2580 unius
1137 2544 1235 2580 urbis
1255 2543 1396 2581 incolae.
1451 2545 1517 2582 Sed
1544 2557 1590 2581 an
1613 2558 1695 2582 om·

346 2607 409 2644 nia
426 2608 579 2644 debeant
595 2607 660 2645 effe
676 2607 900 2650 communia,
918 2618 1002 2656 quae
1019 2605 1085 2643 effe
1109 2606 1267 2656 possunt,
1289 2606 1325 2643 in
1352 2606 1494 2656 optima
1520 2608 1665 2646 civitate
1679 2625 1696 2656 3

346 2670 456 2708 utin
485 2671 688 2720 Republica
715 2670 890 2715 Platonis,
911 2669 1028 2715 liberi,
1059 2683 1202 2716 uxores,
1233 2670 1450 2722 poffeffiones
1465 2686 1476 2715 3
1507 2673 1608 2710 valde
1628 2670 1695 2710 effe

346 2735 611 2773 controversum
618 2765 627 2776 .
