1846 3250
133 1156 287 1187 Tollenda

134 1200 291 1229 bonorum

350 184 399 208 xx
729 173 970 212 SYNOPSIS
997 173 1316 211 ANALYTICA

336 277 473 326 famuli
487 277 650 315 interdum
667 279 812 317 deterius
824 282 998 331 streniam,
1016 296 1116 333 quam
1127 283 1166 331 st
1176 282 1280 332 pauci
1293 282 1441 331 fiterint.
1496 282 1563 319 Sed
1582 286 1617 318 et
1637 280 1701 318 illa
1751 272 1753 275 ¹

349 342 596 378 communitas
625 343 722 380 tollit
754 344 1118 394 consanguineorum,
1138 352 1172 381 et
1200 345 1356 394 propriae
1383 345 1510 382 sobolis
1537 344 1696 394 agnitio-

350 416 449 448 nem,
468 418 688 456 omnemque
705 408 961 456 cognationem
984 408 1189 445 confundit.
1243 407 1362 445 Causa
1381 409 1491 445 etiam
1510 408 1559 446 est
1576 407 1693 460 parri-

354 467 548 512 cidiorum,
573 472 773 513 verberum,
799 470 1039 520 flagitiorum,
1070 472 1283 515 incestuum,
1313 471 1542 520 aliorumque
1573 465 1698 508 crimi-

348 544 453 576 num,
483 546 565 581 quae
594 547 664 570 non
694 534 819 571 fierent
843 536 1009 579 omnino,
1037 542 1100 572 aut
1132 535 1255 571 saltem
1285 535 1413 579 rarius,
1432 536 1457 571 fi
1485 535 1643 585 personae
1662 533 1697 571 se

349 594 504 632 invicem
525 597 767 645 agnoscerent.
821 599 904 635 Imo
921 608 955 636 et
975 599 1206 649 impunitatis
1224 600 1354 636 debitae
1368 615 1383 645 3·
1409 600 1497 648 quia
1515 611 1599 635 cum
1619 610 1694 634 non

348 658 513 695 distinffie
530 660 791 709 cognoscantur
809 669 940 711 patres,
959 663 1100 707 fratres,
1120 663 1265 707 sorores,
1285 663 1366 707 filii,
1385 662 1493 708 filioe3
1522 674 1596 699 non
1614 661 1696 711 pos·

349 722 431 758 sunt
449 723 558 760 etiam
580 724 735 761 crimina
755 726 849 762 inter
867 726 955 763 tales
982 726 1148 776 personas
1177 733 1381 777 perpetrata
1407 740 1486 763 vere
1514 724 1694 775 cognosci,

348 794 457 836 atque
476 788 562 824 adeo
579 801 643 824 nec
664 788 758 837 juste
777 790 927 840 expiari.
981 791 1079 840 Ergo
1106 789 1328 840 injustiffima
1345 791 1394 828 est
1408 797 1443 827 et
1460 788 1694 841 perturbatis-

349 849 439 887 fima
458 850 644 888 Platonica
664 852 726 889 illa
746 866 902 890 uxorum
924 848 1191 905 liberorumque
1211 854 1470 892 communitas.

850 992 912 1029 Ad
930 993 1002 1044 Cap
1021 993 1187 1044 quintum.

397 1097 491 1146 Agit
519 1099 563 1134 de
594 1098 771 1135 bonorum
795 1100 1072 1144 communitate,
1105 1112 1216 1148 quam
1251 1099 1388 1144 statuit,
1420 1105 1546 1137 contra
1572 1099 1694 1141 Plato·-

345 1175 443 1204 nem‚
465 1176 482 1198 e
503 1163 706 1209 Republica
726 1163 936 1212 fimpliciter
954 1164 1149 1200 tollendam
1178 1163 1265 1200 effes
1309 1164 1364 1200 Eo
1391 1164 1488 1213 quod
1513 1163 1636 1200 litium
1655 1170 1693 1200 et

134 1225 529 1273 communimdiscordiae
547 1227 588 1263 fit
607 1239 748 1276 parens.
804 1228 878 1264 Vix
896 1228 993 1265 enim
1013 1227 1089 1264 fieri
1109 1227 1213 1277 poffe,
1233 1227 1323 1277 quin
1343 1228 1433 1278 saepe
1454 1228 1492 1265 in
1510 1229 1713 1276 bonorum*

131 1479 270 1509 Difficile
289 1480 331 1510 est

131 1523 278 1551 homines

131 1564 251 1603 placide
268 1565 313 1594 vi-

129 1614 200 1638 vere
215 1606 318 1638 fimul.

343 1290 601 1327 communione
621 1304 715 1327 unus
734 1289 922 1328 fruffituum
942 1292 1023 1341 plus
1052 1291 1187 1340 capiat,
1208 1291 1296 1328 alter
1322 1292 1404 1341 plus
1433 1292 1577 1334 laboris,
1594 1292 1691 1328 unde

344 1353 500 1402 querelae
517 1360 552 1390 et
570 1354 717 1391 diffidia.
772 1355 944 1391 Praeterea
963 1355 986 1391 fi
1006 1354 1150 1391 difficile
1170 1354 1218 1390 est
1236 1367 1310 1391 una
1327 1355 1444 1391 vivere
1472 1354 1637 1391 homines
1656 1359 1692 1392 et

344 1417 383 1453 in
411 1417 588 1460 societate,
619 1417 727 1466 longe
757 1416 941 1455 difficilius
971 1418 1039 1458 erit
1067 1430 1193 1455 omnes
1220 1418 1399 1458 bonorum
1432 1417 1692 1455 communione

344 1481 520 1530 gaudere:
553 1483 605 1518 At
625 1481 715 1517 illud
735 1480 891 1520 difficile.
946 1482 1028 1518 Hoc
1056 1482 1154 1518 enim
1181 1481 1363 1518 declarant
1382 1481 1466 1518 socii
1486 1480 1638 1524 itineris,
1658 1483 1697 1518 ἐ»,

342 1550 462 1596 μικρῶν
487 1546 730 1596 προσκρούοντες
759 1544 929 1589 ἀλλῆλοις,
957 1545 1021 1594 qui
1051 1545 1142 1594 saepe
1172 1545 1216 1581 de
1238 1544 1419 1583 leviffimis
1444 1544 1688 1582 altercantur:

342 1608 429 1645 item
456 1608 579 1658 aspera
605 1610 711 1644 verba
729 1615 763 1645 et
782 1608 956 1645 clamores
977 1609 1013 1644 in
1033 1609 1167 1645 nostros
1195 1608 1364 1662 famulos,
1382 1620 1536 1660 quorum
1567 1608 1691 1656 quoti·

340 1673 450 1709 diana
468 1685 577 1722 opera
596 1672 747 1710 utimur.
801 1671 1033 1708 Offendimur
1050 1673 1149 1708 enim
1168 1672 1289 1721 potius
1317 1671 1355 1708 in
1383 1684 1442 1708 eos
1469 1671 1686 1721 quibuscum

340 1737 506 1786 quotidie
525 1735 718 1778 versamur,
739 1748 849 1784 quam
871 1736 908 1772 in
927 1736 1029 1772 alim.
1083 1736 1131 1772 Et
1151 1735 1253 1772 nimia
1259 1735 1490 1783 familiaritas
1501 1735 1596 1784 parit
1614 1748 1688 1772 con-

340 1810 509 1851 temptum.
564 1801 699 1837 Statuit
733 1812 818 1848 ergo
847 1801 940 1835 bona
969 1800 1095 1836 debere
1122 1798 1187 1835 effe
1211 1798 1346 1841 vagid
1364 1799 1413 1836 est
1431 1798 1556 1848 aliquo
1581 1799 1697 1841 modq

340 1865 566 1908 communia,
587 1870 678 1913 puta
696 1863 890 1900 secundum
918 1862 1036 1900 usum.
1092 1862 1151 1899 Sic
1168 1863 1265 1898 enim
1286 1862 1375 1899 κοινὰ
1393 1862 1441 1899 τὰ
1461 1863 1574 1910 φίλων,
1594 1863 1690 1898 ami-

339 1941 464 1966 corum
488 1925 585 1965 'bona
613 1933 718 1964 erunt
744 1926 978 1971 communia3
1008 1925 1166 1962 absolute
1193 1931 1315 1962 autem
1337 1925 1394 1962 καὶ
1415 1926 1505 1969 ὅλως,
1526 1925 1685 1975 propria.

339 1993 467 2042 Atque
487 1992 574 2028 adeo
594 1990 870 2028 communitatis
889 1997 923 2027 et
944 1988 1176 2039 proprietatis
1194 1989 1386 2026 commoda
1408 1987 1688 2042 conjungentur.

339 2057 573 2106 Proprietatis
594 2061 718 2092 autem
736 2054 929 2090 commoda
948 2052 1031 2090 sunt
1050 2053 1210 2090 vacuitas
1227 2052 1502 2096 discordiarum,
1520 2059 1556 2090 et
1573 2049 1689 2102 major

339 2134 459 2159 rerum
492 2133 578 2157 cura
609 2132 651 2156 ac
679 2118 882 2168 diligentia,
909 2118 1005 2154 unde
1035 2118 1211 2154 bonorum
1238 2117 1517 2154 incrementum.
1570 2117 1689 2155 Addit

317 2177 322 2182 ¹
337 2185 642 2223 communitatem
659 2183 883 2220 Platonicam
899 2181 1063 2218 homines
1083 2181 1213 2232 infigni
1229 2182 1324 2218 bono
1338 2181 1538 2227 destituere,
1556 2183 1689 2232 scilicet

126 2451 215 2485 Bona
229 2453 286 2484 usu

124 2496 241 2526 debent
255 2495 314 2525 effe

126 2539 326 2575 communia,

127 2591 193 2611 non
206 2581 293 2621 abso-

126 2623 204 2655 lute.
264 2644 266 2646 f

338 2249 538 2298 voluptate,
551 2261 662 2298 quam
679 2260 721 2283 ex
737 2259 855 2283 rerum
867 2245 1031 2283 dominio
1043 2258 1084 2282 ac
1096 2245 1313 2296 proprietate
1324 2258 1449 2283 omnes
1461 2247 1689 2296 concipiunt.
1710 2285 1714 2294 ,

339 2314 432 2350 Item
452 2321 488 2350 et
506 2312 622 2350 officia
639 2311 819 2361 virtutum
835 2311 991 2347 duarum
1007 2310 1160 2354 abolere,
1175 2310 1423 2359 temperantiae
1441 2309 1574 2348 scilicet
1593 2317 1628 2348 et
1642 2312 1687 2347 li-

338 2377 536 2415 beralitatis
553 2392 560 2413 :
583 2389 666 2413 cum
688 2375 786 2412 illius
805 2373 965 2411 officium
979 2374 1027 2417 fit
1048 2374 1093 2410 ab
1112 2373 1230 2409 aliena
1246 2386 1365 2418 uxore!
1384 2373 1570 2422 abstinere,
1589 2375 1689 2424 quod

339 2449 462 2480 tamen
480 2440 662 2491 permittit
681 2438 867 2476 Platonica
883 2437 1111 2479 communio,
1126 2449 1210 2485 quae
1229 2437 1369 2475 nullam
1389 2437 1573 2487 propriam
1593 2453 1685 2476 uxo-

339 2518 415 2542 rem
440 2503 617 2542 admittit.
671 2501 795 2551 Hujus
822 2514 905 2537 vero
931 2500 1078 2551 propria
1104 2499 1199 2536 bona
1226 2512 1298 2536 non
1317 2501 1529 2539 communia
1547 2501 1684 2551 largiri.

339 2569 393 2606 Ut
413 2581 497 2618 ergo
511 2567 740 2618 harmoniam
756 2565 928 2602 musicam
943 2563 1102 2607 destruit,
1117 2563 1182 2613 qui
1196 2574 1274 2600 eam
1296 2564 1341 2600 ad
1360 2577 1470 2601 unam
1493 2578 1615 2602 vocem
1632 2579 1695 2616 ῖς(
1709 2598 1712 2612 ;

336 2633 452 2676 ducit,
471 2638 507 2668 et
534 2630 591 2672 τὴν
621 2631 812 2679 συμφωνίαν
841 2628 928 2666 facit
956 2628 1147 2676 ὁμοφωνίαν,
1175 2625 1193 2667 ἢ
1221 2627 1274 2665 τὸν
1300 2625 1435 2678 ῥυθμὸν,
1455 2629 1557 2671 βάσιν
1574 2631 1683 2678 stim:

336 2697 382 2733 fic
403 2696 563 2732 Socrates
582 2702 617 2731 et
637 2679 738 2731 Plato
755 2692 940 2742 civitatem
959 2691 1158 2734 destruunt,
1177 2691 1242 2740 qui
1259 2703 1339 2727 eam
1359 2690 1469 2727 nimis
1497 2704 1608 2729 unam
1630 2692 1685 2729 sa.-

338 2759 464 2805 ciunt3
493 2758 734 2797 cumcivitas
760 2770 805 2794 ex
828 2754 1144 2794 diffimillimorum
1174 2754 1365 2792 hominum
1393 2753 1577 2803 consensu,
1595 2761 1686 2806 puta
1712 2791 1717 2794 ,
