1904 3282
17 2763 41 2793 Ἰ.

339 187 722 233 POLmCORUM
744 185 1111 227 ARISTOTELIS.
1145 184 1200 224 11.
1227 196 1269 237 9.
1431 195 1509 221 xxv

129 306 267 344 riarum
295 304 559 344 confusionem.
614 301 788 352 Denique
806 298 900 337 illud
917 298 963 336 de
982 296 1139 348 praemio
1158 306 1264 333 novae
1284 291 1511 332 inventionis

132 371 343 410 institutum
370 369 570 420 improbat,
599 367 698 418 quod
725 363 1002 404 calumniarum
1025 361 1109 400 fons
1127 369 1164 400 et
1181 359 1289 398 causa
1307 359 1373 396 effe
1392 357 1510 410 poffit.

131 438 192 476 Sic
218 437 320 475 enim
349 443 473 475 vetera
501 434 759 472 accusarentur
789 432 837 469 ab
864 430 962 474 aliis,
982 430 1028 466 ab
1056 428 1138 467 aliis
1158 440 1243 464 vero
1262 439 1359 464 nova
1386 438 1512 476 repre-

132 503 387 540 henderentur.
442 502 537 539 Item
558 501 707 538 daretur
725 497 861 536 occaslo
888 495 1109 534 mutationis
1136 493 1386 545 Reipublicae,
1406 493 1431 529 fi
1452 492 1510 530 vi·

130 568 263 606 delicet
298 568 495 618 praemium
531 567 748 604 decernatur
783 575 881 601 nova
917 562 1086 599 instituta
1127 559 1416 598 invenientibus,
1471 557 1512 595 Si

112 670 115 673 ,
131 633 233 672 enim
253 646 348 670 nova
368 632 608 682 recipiantur,
628 637 748 668 vetera
765 637 807 667 ut
823 630 1048 678 abrogentur
1066 627 1202 665 neceffe
1220 626 1282 664 est.
1336 627 1390 664 At
1412 625 1510 676 peri-

132 698 209 736 culi
228 697 339 748 plena
357 697 406 734 est
424 702 589 733 veterum
610 695 861 732 institutorum
883 693 1054 731 mutatio.

240 760 402 801 Moribus
419 760 570 811 antiquis
573 760 654 809 stat
673 773 725 796 res
744 759 899 796 Romana
917 756 1080 808 virisque,
1521 760 1657 792 Ennius.

133 827 218 864 Hoc
249 826 328 863 loco
355 826 400 863 de
431 825 556 875 legum
585 830 622 861 et
650 836 798 861 morum
831 822 1036 860 mutatione
1063 820 1200 858 disserit
1230 820 1441 858 Aristoteles
1470 820 1510 858 in

132 901 330 942 utramque
346 898 506 942 partem,
526 890 654 927 statuit
671 902 756 927 vero
782 888 905 926 nullas
933 888 1031 938 leges
1058 888 1130 924 five
1159 887 1325 937 scriptaS,
1344 887 1413 924 five
1433 900 1507 925 non
1523 888 1663 920 Mutatio
1672 887 1728 938 'le-

133 955 300 1006 scriptas,
318 956 408 993 licet
426 955 568 1006 aliquid
589 954 816 992 incommodi
843 954 1071 995 contineant,
1092 952 1191 1003 quod
1211 959 1336 989 tamen
1356 952 1399 989 fit
1416 951 1493 990 leve
1521 941 1600 972 gum
1615 941 1699 972 pen·

1494 982 1508 998 ³

133 1022 362 1072 abrogandas
380 1028 445 1058 aut
464 1021 661 1059 mutandas
678 1019 757 1058 este.
811 1019 851 1057 N
857 1020 894 1056 ifi
914 1019 1008 1056 sorte
1026 1019 1123 1069 leges
1143 1019 1213 1056 fint
1232 1016 1422 1056 manifeste
1438 1018 1509 1056 fio-
1520 974 1639 1008 emesa·

132 1087 220 1126 lidae
237 1095 274 1125 et
290 1087 466 1126 barbarae.

663 1194 728 1233 Ad
746 1194 832 1246 Cap.
850 1207 983 1232 nonum.

190 1283 342 1329 Statuit,
370 1283 478 1320 initio
505 1283 543 1320 in
571 1283 827 1320 examinandis
855 1282 1018 1320 Politicis
1048 1280 1354 1325 institutionibus,
1381 1282 1511 1320 viden·

134 1349 226 1386 dum
253 1348 318 1385 este
347 1348 462 1398 prius,
491 1361 538 1385 an
567 1361 620 1385 eae
646 1348 801 1398 optimae
828 1348 1019 1398 regiminis
1043 1347 1176 1386 formae
1194 1346 1441 1393 consentiant,
1461 1361 1511 1386 an

134 1427 208 1451 non
227 1429 235 1451 :
265 1413 396 1452 deinde
415 1427 462 1451 an
482 1413 568 1464 ipsae
586 1413 829 1458 consentiant,
846 1427 892 1452 an
922 1421 1130 1465 repugnent
1154 1414 1218 1451 fibi
1236 1415 1248 1450 ?
1280 1414 1366 1452 Hoc
1393 1415 1510 1465 pofito

135 1479 241 1516 docet
275 1492 403 1516 omnes
437 1479 606 1517 Politicos
640 1480 678 1516 in
709 1493 753 1517 eo
783 1480 991 1524 convenire,
1019 1486 1063 1517 ut
1093 1479 1221 1516 dicant
1249 1480 1295 1516 ad
1323 1480 1509 1530 optimam

136 1544 423 1594 Rempublicam
442 1552 607 1595 oportere
625 1544 723 1582 cives
742 1545 790 1582 ab
809 1545 984 1582 omnibus
1013 1544 1223 1581 ministeriis
1247 1543 1449 1582 necessariis
1466 1550 1512 1582 ut

136 1621 309 1659 agrorum
337 1610 494 1654 cultura,
523 1617 560 1647 et
589 1610 829 1647 illiberalibus
855 1608 1079 1659 sordidisque
1105 1610 1246 1647 artibus
1280 1623 1322 1647 ac
1348 1609 1510 1660 opificiis

135 1674 268 1713 liberos
289 1688 330 1712 ac
350 1675 537 1712 immunes
564 1674 644 1712 effe.
698 1675 766 1712 Sed
785 1675 829 1712 de
850 1675 991 1712 ratione
1011 1688 1053 1712 ac
1072 1676 1182 1712 modo
1210 1689 1286 1726 quo
1316 1675 1512 1713 commode

138 1740 176 1778 id
205 1739 286 1785 fiat,
306 1740 413 1778 valde
439 1740 506 1778 effe
522 1739 683 1787 ¹difficile
710 1748 748 1777 et
776 1740 872 1776 inter
899 1740 1035 1777 multos
1062 1740 1351 1778 controversum.
1406 1741 1512 1779 Hinc

138 1805 363 1843 occasionem
391 1805 503 1842 sumit
531 1805 818 1855 Rempublicam
848 1805 1082 1855 Spartanam,
1110 1806 1194 1860 five'
1210 1806 1512 1843 Lacedaemonio-
1526 1814 1603 1854 Agit
1618 1820 1731 1847 contra

140 1882 225 1907 rum
247 1869 453 1915 inceffendi,
470 1868 577 1919 cujus
596 1871 664 1907 hoc
682 1870 848 1920 primum
874 1870 1008 1908 vitium
1037 1877 1154 1915 notat,
1175 1871 1273 1921 quod
1303 1871 1514 1922 peregrinos
1527 1857 1706 1898 'empumi‘

142 1936 190 1972 ad
217 1942 311 1973 artoe
340 1935 572 1973 mechanicas
599 1941 637 1972 et
662 1935 812 1986 opificia
838 1943 1036 1986 cogerent;
1066 1936 1181 1974 Ilotas
1208 1950 1307 1981 vero,
1327 1937 1513 1976 servorum
1526 1901 1733 1981 (οἱέἓιὲἒιῖξ.

138 2011 270 2047 genus,
288 1999 334 2035 ad
351 2011 458 2049 agros
473 1998 656 2042 colendos,
676 1999 823 2049 aliaque
852 1999 1063 2038 ministeria.
1119 2000 1176 2038 Ex
1195 2001 1264 2038 hoc
1283 2001 1384 2039 enirn
1412 2002 1516 2039 insti·

138 2070 236 2107 tuto,
255 2062 438 2101 servorum
456 2070 494 2101 et
511 2062 688 2114 opificum
708 2063 900 2102 seditiones
918 2065 1006 2102 oriri
1023 2081 1031 2103 :
1063 2065 1148 2103 licet
1166 2066 1215 2103 ob
1231 2067 1409 2116 quasdam
1427 2081 1515 2106 cau-

140 2127 195 2165 sas
215 2128 253 2165 in
272 2128 383 2166 Creta
401 2129 492 2166 tales
510 2127 702 2165 seditiones
733 2141 808 2166 non
836 2136 1064 2167 moveantur.
1123 2131 1226 2168 Tum
1253 2129 1414 2180 ejusdem
1444 2133 1516 2170 rei-

140 2193 301 2244 publicae
327 2194 526 2231 secundum
555 2194 691 2231 vitium
721 2194 966 2245 reprehendit,
986 2196 1087 2245 quod
1115 2195 1340 2234 licentiosius
1359 2197 1394 2234 se
1412 2210 1515 2247 gere-

140 2266 221 2296 rent
256 2260 426 2297 Lacaenae
459 2259 642 2304 mulieres,
677 2261 776 2297 unde
811 2260 1111 2311 intemperantia,
1146 2261 1310 2308 luxuria,
1346 2263 1515 2302 avaritia.

144 2324 235 2362 Quo
261 2325 342 2362 loco
365 2325 418 2362 ait
449 2332 578 2375 gentes
607 2325 793 2362 bellicosas
820 2325 887 2362 effe
914 2331 1295 2379 γυναικοκρατουμένη,
1315 2328 1515 2367 mulierum
1532 2330 1735 2373 Quaegentee

141 2389 310 2440 potestati
330 2389 522 2440 subjectas,
541 2396 674 2441 praeter
691 2391 830 2435 Celtas,
851 2391 888 2428 id
908 2392 959 2428 est
977 2392 1106 2429 Gallos
1134 2400 1170 2439 et
1197 2393 1417 2439 Germanos,
1437 2403 1473 2432 et
1491 2395 1516 2433 fi
1529 2375 1707 2451 ’ἶῗὲίἓὲῗίω

143 2454 211 2504 qui
228 2455 299 2492 fint
317 2455 381 2492 alii
399 2455 624 2506 praeposterae
651 2468 693 2493 ac
719 2455 1052 2506 prorsusnefandae
1073 2457 1195 2494 veneri
1217 2460 1350 2508 (quam
1371 2459 1432 2497 hic
1451 2473 1518 2498 vo-
1529 2429 1692 2501 tPubjestae.

141 2526 216 2564 cat,
243 2518 301 2561 ‘rin
328 2521 404 2572 πρὸς
435 2520 514 2564 τοὺς
545 2520 680 2573 ἄξξενας
710 2514 907 2568 conficiar)
936 2521 1182 2572 indulgentes,
1209 2530 1252 2560 ut
1283 2525 1453 2563 Thebani
1479 2533 1517 2564 et
1529 2520 1707 2555 SOdomitae

143 2585 358 2624 Cretenses:
388 2599 482 2637 quos
508 2586 622 2624 etiam
649 2586 848 2624 masculam
878 2600 1046 2625 venerem
1074 2588 1221 2626 coluisse
1249 2589 1359 2628 refert
1385 2591 1517 2630 Sextus
1528 2564 1638 2642 331?
1648 2568 1739 2600 The·

142 2651 369 2701 EmpiricuS.
423 2651 591 2688 Tantum
611 2651 712 2688 enim
729 2651 826 2688 abest
845 2659 887 2689 ut
905 2652 1009 2689 Galli
1028 2653 1100 2691 suis
1120 2654 1296 2692 uxoribus
1315 2654 1518 2703 servierint,

145 2715 216 2752 viri
243 2716 410 2766 alioquin
438 2716 690 2754 bellicofiffimi
705 2732 716 2762 5
745 2717 839 2767 quin
867 2718 991 2768 potius
1018 2719 1056 2756 in
1083 2731 1159 2764 eas,
1185 2726 1367 2770 tanquam
1387 2721 1424 2759 in
1447 2721 1518 2760 ser·
1532 2728 1599 2761 Lib.
1614 2730 1659 2763 iii.

145 2793 226 2824 vos,
238 2779 301 2831 jus
319 2780 406 2818 vitae
427 2788 465 2819 et
484 2781 583 2818 necis
602 2781 810 2825 habuerint,
827 2789 872 2819 ut
890 2782 964 2832 ipse
981 2783 1106 2834 Julius
1124 2783 1248 2821 caesar
1273 2784 1415 2824 disertis
1437 2801 1516 2825 ver·
1531 2772 1685 2813 Pyrrhon.

147 2846 205 2884 bis
223 2845 373 2884 testatur
389 2846 428 2891 in
447 2845 545 2884 bello
563 2845 722 2885 Gallico.
775 2846 867 2886 Non
890 2847 1034 2899 pigebit
1053 2848 1113 2887 hic
1130 2857 1307 2890 annotare
1326 2852 1520 2903 egregium
1533 2815 1665 2904 {ig->cx
1668 2820 1734 2860 pos.
