1904 3308
469 187 511 225 tii
847 185 1093 226 SYNOPSIS
1118 188 1439 227 ANALYTICA

469 295 515 331 fic
546 293 762 344 Oligarchia
792 300 829 332 et
858 295 1094 333 Democratia
1119 304 1380 346 temperantur,
1397 302 1440 334 ut
1465 296 1640 334 divitibus
1667 296 1816 346 quidem

254 358 457 399 ›Reipublicae
470 357 622 401 mulcta,
653 356 775 408 ζημία,
808 359 1027 409 pauperibus
1058 372 1192 396 merces
1224 359 1392 408 quaedam
1430 360 1659 397 attribuatur.
1714 360 1817 396 Hinc

260 401 401 441 specialis

253 444 360 490 ἰιιοιίἰ.

250 1888 408 1928 Tyrannis

251 1930 374 1971 triplex.

467 420 609 472 primus
635 422 771 476 cinnus
799 422 868 459 five
897 416 1068 472 primurn*
1086 423 1316 473 Reipublicae
1341 423 1499 473 specialis
1530 436 1656 474 genus.
1710 423 1814 460 Nam

469 483 507 519 in
527 482 741 533 Oligarchia
760 483 935 521 divitibus
963 484 1093 527 multa,
1112 484 1331 534 pauperibus
1360 485 1464 522 nulla
1494 498 1625 522 merces
1648 485 1692 521 ad
1713 483 1814 533 judi-

469 547 627 584 candum
645 553 682 583 et
698 547 970 584 deliberandum
989 547 1033 583 de
1053 548 1252 597 Republica
1263 563 1273 592 ς
1304 553 1431 584 contra
1455 561 1538 585 vero
1557 548 1595 584 in
1608 548 1813 584 Democra-

467 610 521 648 tia
547 610 766 660 pauperibus
795 623 927 647 merces
955 610 1017 647 sua
1041 612 1221 661 proposita
1248 611 1321 656 est3
1350 611 1524 648 divitibus
1544 611 1645 648 nulla
1664 610 1814 648 mulcta.

468 675 615 711 Horum
634 687 719 723 ergo
738 674 899 711 medium
921 687 963 711 ac
981 674 1155 723 praedicta
1173 675 1388 725 temperatio
1406 675 1631 725 Reipublicae
1651 675 1814 724 primum

468 750 583 787 genus
601 737 722 774 faciet.
777 738 975 781 Secundus,
995 737 1034 774 in
1053 750 1128 786 quo
1146 751 1188 774 ex
1209 744 1410 787 temperato
1439 751 1480 775 ac
1508 737 1681 775 mediocri
1708 737 1818 774 censu

466 801 587 838 aditus
616 806 739 850 pateat
769 801 815 837 ad
843 801 995 837 honores
1026 807 1062 837 et
1096 801 1339 850 magistratus.
1394 802 1438 838 In
1470 801 1684 851 Oligarchia
1714 801 1815 839 enim

465 864 651 900 maximus
680 863 804 900 census
833 863 1034 913 requiritur·
1058 865 1103 901 ad
1133 864 1278 914 imperii
1306 865 1481 911 honores3
1512 865 1550 902 in
1578 864 1817 902 Democratia

465 927 601 970 nullus,
619 933 683 963 aut
702 926 930 976 perexiguus.
983 927 1086 964 Hinc
1104 927 1298 964 secundum
1327 927 1553 977 Reipublicae
1572 927 1734 977 specialis
1753 940 1816 977 ge-

464 1003 547 1028 nus¹
601 991 762 1034 Tertius,
789 991 827 1027 in
852 1003 926 1040 quo
952 989 1175 1040 Oligarchiae
1201 998 1238 1028 et
1264 991 1507 1029 Democratiae
1536 992 1700 1029 instituta
1727 991 1813 1029 mis-

463 1060 603 1096 centur,
623 1061 656 1090 et
677 1054 782 1090 fimul
800 1053 1085 1103 conjunguntur,
1114 1063 1154 1090 ut
1183 1055 1366 1103 designare
1393 1055 1621 1104 magistratus
1638 1054 1815 1091 elefflone

462 1124 498 1154 et
517 1102 707 1167 suffragiis,
725 1131 768 1154 ex
789 1118 890 1154 nullo
907 1117 1026 1155 censu.
1082 1118 1143 1154 Est
1161 1118 1259 1154 enim
1278 1117 1557 1167 Oligarchicum
1582 1119 1812 1168 magistratus

463 1181 646 1231 defignare
666 1180 844 1230 suffragiis
867 1194 911 1217 ex
938 1180 1046 1218 censu
1061 1197 1071 1226 ;
1102 1181 1413 1224 Democraticum,
1431 1181 1502 1218 fine
1529 1181 1648 1219 censu.
1703 1183 1814 1219 Sume

462 1245 562 1282 enim
582 1245 627 1281 de
647 1244 862 1293 Oligarchia
890 1245 1166 1294 magistratuum
1195 1245 1478 1294 designationem
1507 1258 1571 1295 per
1597 1245 1812 1283 electionem
1834 1246 1839 1252 ’

462 1315 499 1346 et
530 1307 721 1357 suffragia:
751 1322 795 1344 ex
828 1308 1064 1345 Democratia
1093 1322 1137 1345 ex
1168 1308 1270 1345 nullo
1300 1307 1431 1345 censu:
1460 1321 1508 1346 ex
1539 1310 1605 1346 hoc
1635 1309 1746 1346 cinno
1777 1316 1814 1346 et

463 1372 642 1409 mixtione
659 1371 767 1408 facies
786 1372 935 1408 tertium
956 1372 1183 1421 Reipublicae
1201 1371 1362 1421 specialis
1383 1384 1509 1422 genuS.
1565 1372 1637 1409 His
1654 1372 1813 1423 explica-

461 1437 509 1473 tis
537 1436 708 1473 admonet
734 1435 887 1485 optimae
914 1435 1103 1472 mixtionis
1131 1435 1291 1484 primam
1311 1441 1437 1472 notam
1455 1435 1534 1480 effe,
1553 1436 1577 1472 fi
1597 1436 1812 1485 Rempubli-
1839 1463 1841 1465 -

461 1515 544 1538 cam
572 1501 721 1537 eandem
747 1500 865 1538 dicere
893 1498 1062 1549 poffimus
1090 1491 1155 1536 effe
1181 1498 1286 1536 fimul
1315 1492 1586 1536 Democfatiam
1609 1505 1645 1535 et
1664 1499 1813 1548 Oligar-

461 1566 599 1609 chiam,
620 1565 671 1601 ita
689 1570 732 1600 ut
750 1570 786 1600 et
805 1569 959 1613 utraque
977 1570 1013 1599 et
1031 1570 1159 1600 neutra
1185 1563 1363 1599 videatur.
1417 1563 1501 1600 Hoc
1526 1563 1626 1600 enim
1651 1563 1811 1600 accidere

461 1629 595 1673 medio,
615 1628 652 1664 in
672 1641 746 1676 quo
765 1635 963 1677 utrumque
982 1633 1185 1663 extremum
1215 1626 1320 1663 inesse
1347 1626 1501 1664 videtur.
1553 1627 1767 1671 Secundam,
1786 1627 1810 1664 fi

460 1705 525 1742 per
542 1691 575 1728 se
594 1690 821 1728 conservetur
839 1703 880 1727 ac
898 1691 1008 1740 probe
1026 1689 1195 1727 subsistat.

960 1793 1023 1832 Ad
1041 1794 1126 1846 Cap.
1145 1793 1316 1832 decimum.

514 1882 609 1934 Agit
639 1883 683 1919 de
713 1881 938 1932 Tyrannide,
975 1879 1080 1930 cujus
1112 1893 1242 1930 genera
1277 1880 1348 1917 tria
1380 1879 1578 1918 constituit.
1632 1880 1813 1926 Primum,

461 1945 701 1983 barbaricum.
758 1945 978 1988 Secundum,
1014 1942 1324 1993 AEsymneticum.
1378 1943 1433 1980 Ut
1470 1943 1569 1979 enim
1608 1944 1685 1981 haec
1721 1945 1810 1988 duo,

459 2009 592 2059 Regna
616 2010 801 2051 dicuntur,
818 2009 842 2045 fi
863 2009 931 2045 (int
958 2007 1137 2058 legitima,
1156 2012 1193 2043 et
1213 2006 1250 2043 in
1270 2005 1430 2043 volentes
1447 2021 1457 2048 ς
1485 2007 1531 2043 fic
1548 2012 1583 2043 et
1601 2008 1812 2056 tyrannides

459 2073 704 2122 appellantur,
719 2085 804 2109 cum
833 2070 974 2108 servilia
1002 2070 1099 2115 sunt,
1124 2071 1193 2107 (ive
1220 2069 1411 2119 despotica‚
1429 2076 1465 2106 et
1483 2070 1526 2107 ad
1548 2071 1810 2120 imperantium

447 2135 651 2179 *libidinem
679 2141 867 2184 geruntur.
921 2133 977 2170 De
997 2133 1129 2182 quibus
1148 2132 1268 2182 supra,
1289 2132 1357 2171 lib.‘
1376 2133 1429 2171 iii.
1456 2133 1624 2170 Tertium
1645 2135 1808 2172 maxime

460 2199 652 2248 propfium
681 2198 724 2249 τῇ
751 2198 916 2247 βασιλείᾳ
942 2198 1175 2246 ἀντίστροφον,
1197 2196 1234 2232 in
1263 2209 1457 2245 qu0·unus
1484 2195 1713 2242 ἀνυπεύθυνος,
1739 2198 1810 2236 fine

460 2262 732 2313 provocatione,
745 2268 808 2298 aut
821 2259 1038 2298 comestione
1051 2260 1198 2309 paribus
1213 2259 1383 2309 imperat,
1403 2259 1517 2308 iisque
1536 2260 1569 2297 se
1588 2260 1812 2306 melioribus,

459 2333 496 2363 et
524 2326 570 2363 ad
597 2325 797 2375 propriam,
815 2336 887 2360 non
916 2323 961 2360 ad
988 2335 1112 2360 eorum
1135 2322 1199 2372 qui
1220 2331 1362 2372 parent,
1380 2322 1606 2366 utilitatem;
1635 2324 1702 2373 qui
1729 2325 1810 2362 ideo

462 2389 572 2428 inviti
592 2395 734 2439 parent.

906 2491 968 2528 Ad
988 2491 1071 2543 Cap.
1091 2490 1309 2529 undecimum.

512 2577 660 2615 Differit
678 2578 722 2614 de
742 2577 885 2626 optimo
913 2575 1138 2626 Reipublicae
1165 2575 1257 2612 statu
1285 2587 1326 2612 ac
1353 2576 1544 2625 regimine,
1563 2577 1632 2613 five
1649 2576 1693 2614 de
1711 2576 1808 2627 opti-

460 2654 522 2679 ma
541 2640 811 2690 gubernationis
831 2640 992 2683 Politicae
1010 2638 1141 2683 forma,
1162 2652 1245 2688 quae
1265 2651 1338 2675 non
1362 2639 1572 2689 simpliciter
1597 2640 1745 2689 quidem
1767 2642 1809 2678 fit

458 2705 557 2749 talis,
580 2718 665 2741 cum
698 2706 774 2741 haee
802 2702 880 2741 κατ’
907 2701 1021 2753 εὐχὴν,
1052 2703 1289 2739 duntaxat-et
1317 2702 1356 2739 in
1385 2710 1469 2739 voto
1495 2704 1550 2747 fit,
1577 2709 1642 2741 aut
1669 2704 1808 2748 idealis,

459 2768 652 2818 potiusque
685 2767 802 2817 optari
836 2772 872 2803 et
904 2765 1073 2815 intelligi,
1104 2778 1217 2815 quam
1255 2765 1352 2815 apud
1388 2766 1555 2804 homines
1592 2780 1710 2805 revera
1744 2766 1809 2804 esse
