1904 3308
564 559 1081 626 SYNOPSIS

252 757 882 833 OEcoNoMIcoRUM
918 770 1408 827 ARISTOTELts.

146 1178 469 1250 RATIONEM
490 1210 541 1248 rei
570 1210 764 1248 familiaris
792 1223 834 1248 ac
860 1208 1082 1254 domesticae,
1111 1220 1198 1259 quae
1225 1204 1406 1254 οἶκοιομικῆ
1429 1204 1523 1244 dici·

147 1288 224 1324 tur,
251 1279 413 1330 explicat
434 1279 644 1317 Aristoteles
670 1280 814 1317 duobus
842 1279 959 1316 libris.
1015 1277 1136 1315 Priore
1158 1276 1310 1327 quidem
1336 1274 1396 1311 sex
1420 1275 1523 1324 capi-

149 1343 248 1380 tibus
275 1344 475 1388 constante,
506 1341 568 1381 u'bi
601 1345 646 1381 de
677 1343 888 1381 discrimine
917 1342 1178 1381 OEconomicae
1206 1349 1242 1378 et
1273 1339 1451 1384 Politicae,
1479 1340 1525 1377 de

147 1408 315 1459 partibus
339 1410 486 1453 domus,
503 1409 549 1446 de
577 1409 719 1446 ratione
747 1422 864 1459 opum
892 1408 1216 1459 acquirendarum,
1237 1407 1282 1444 de
1300 1405 1422 1443 officio
1437 1419 1527 1442 con·

141 1472 279 1522 jugali,
307 1473 352 1510 de
385 1473 494 1510 servis
527 1480 563 1511 et
595 1475 694 1513 hero.
748 1473 957 1517 Posteriore,
987 1473 1052 1523 qui
1081 1485 1148 1523 per
1175 1472 1300 1523 capita
1331 1469 1527 1508 distinems

147 1551 221 1576 non
251 1537 315 1585 est,
333 1545 371 1576 et
390 1546 489 1576 totus
507 1538 582 1576 fere
601 1538 804 1584 historicus,
821 1539 866 1576 de
885 1538 1015 1576 formis
1044 1538 1113 1575 five
1141 1537 1336 1588 generibus
1354 1536 1527 1574 OEcono·

149 1616 249 1641 mnae.

589 1709 653 1750 Ad
672 1711 759 1763 Cap.
772 1710 921 1762 primum
942 1709 1023 1751 Lib.
1042 1711 1077 1750 I.

202 1797 410 1849 Distinguit
427 1798 718 1836 OEconomicam
750 1811 772 1835 a
801 1797 955 1835 Politica
980 1811 1054 1836 non
1085 1803 1232 1835 tantum
1261 1802 1304 1834 ut
1331 1797 1485 1835 domum
1505 1809 1529 1835 a

149 1863 313 1908 civitate,
333 1863 392 1900 seu
412 1875 523 1913 penes
541 1861 698 1913 obje6‘ta‚
718 1864 775 1900 sed
794 1864 893 1914 quod
915 1864 1068 1901 politica
1095 1865 1235 1902 multos
1263 1865 1426 1915 requirat
1446 1878 1528 1901 ma-

150 1928 324 1978 gistratus
359 1928 608 1978 imperantes5
646 1928 898 1965 OEconomica
933 1941 1018 1965 vero
1051 1941 1171 1966 unum
1205 1930 1528 1979 patremfamilias,-

151 1995 251 2045 quafi
272 1994 314 2031 fit
335 1993 569 2031 Monarchia.
624 1994 723 2031 Tum
744 1995 1034 2032 OEconomicam
1063 1995 1117 2032 ait
1143 1995 1209 2033 effe
1236 2010 1279 2032 ex
1309 2009 1439 2046 genere
1466 2010 1529 2034 ea·-

152 2071 235 2096 rum
257 2059 411 2103 artium,
431 2071 516 2108 quae
534 2064 571 2095 et
588 2071 681 2108 opus
701 2058 844 2096 faciunt
872 2059 994 2102 suum,
1014 2066 1050 2097 et
1068 2073 1112 2097 eo
1129 2067 1313 2099 utuntur:
1343 2075 1430 2099 eum
1451 2060 1531 2112 ipsa

150 2125 305 2166 domum
337 2130 439 2174 paret
467 2129 505 2160 et
535 2123 714 2171 instituat,
743 2137 858 2174 eaque
887 2129 1027 2170 utatur,
1081 2125 1210 2163 Tertio
1237 2127 1529 2166 OEconomicam

152 2188 270 2240 genesi
289 2195 326 2226 et
344 2188 487 2239 origine
501 2188 662 2240 priorem
680 2188 746 2231 effe
766 2189 931 2233 Pontica,
951 2197 993 2229 ut
1011 2190 1167 2238 domum
1190 2191 1354 2234 civitate.

649 2306 714 2346 Ad
730 2307 818 2363 Cap.
825 2307 1028 2359 stcundum.

206 2394 360 2446 Repetit
386 2408 472 2445 quae
493 2393 575 2445 jam
605 2402 692 2434 ante
717 2396 891 2437 docuerat
914 2408 948 2435 1.
978 2397 1086 2436 Polit.
1113 2397 1158 2436 de
1189 2399 1357 2449 partibus
1384 2400 1720 2445 domus.Cap.1.2.

155 2459 294 2497 Curam
316 2459 523 2497 OEconomi
542 2461 703 2510 primam
724 2461 852 2499 debere
870 2460 937 2499 effe
955 2462 1206 2518 agriculturae,
1223 2471 1266 2502 ut
1284 2465 1423 2503 artium
1450 2471 1529 2503 m'a-
1542 2456 1575 2480 ²⁸
1589 2447 1671 2480 ΕΜ·

156 2525 258 2563 xime
275 2524 454 2562 naturalis
473 2531 509 2562 et
522 2524 645 2576 justae.

673 2633 738 2671 Ad
756 2634 843 2693 Cap.
861 2636 1012 2675 tertium.

210 2718 305 2769 Agit
323 2720 368 2757 de
386 2702 554 2758 societate
569 2718 771 2770 conjugali,
792 2735 905 2772 quam
929 2723 982 2760 ait
1000 2721 1068 2760 effe
1095 2724 1301 2762 naturalem
1321 2730 1357 2762 et
1377 2725 1534 2763 necessa-

158 2784 277 2822 riam:
308 2797 425 2835 neque
446 2791 594 2823 tantum
617 2792 659 2823 ut
678 2786 757 2824 vita
783 2794 1022 2838 propagetur,
1042 2787 1101 2826 sed
1128 2794 1174 2826 ut
1198 2789 1289 2826 bene
1308 2790 1538 2839 traducatur,

825 2863 894 2902 εἳ
