1846 3250
395 196 426 231 52
778 189 1028 233 SYNOPSIS
1053 189 1375 234 ANALYTICA

393 300 469 334 tem
500 294 696 337 servorum.
748 298 846 336 Item
877 299 1114 338 domesticum
1144 300 1187 336 fit
1218 298 1508 344 monarchicutn,
1539 299 1608 338 five
1638 299 1749 339 unius

392 359 650 408 praestantioris
664 376 675 407 3
708 361 815 399 civile
845 362 1023 412 plurium,
1055 363 1121 412 qui
1151 362 1255 399 liberi
1284 363 1354 399 fint
1384 368 1422 400 et
1449 362 1617 412 aequales.
1670 363 1748 401 Hic

390 422 492 461 enim
519 436 584 473 per
609 425 715 461 civile
742 426 938 475 imperium
964 427 1244 476 intelligendum
1264 426 1314 464 est
1333 425 1424 463 illud
1449 427 1656 477 reipublicae
1682 440 1745 477 ge-

391 498 475 531 nus,
496 488 594 537 quod
612 488 744 538 politia
760 474 909 533 dicitur,
928 490 992 527 ubi
1011 489 1120 528 multi
1149 489 1233 527 sunt
1259 485 1492 540 imperantes,
1510 496 1599 540 puta
1618 492 1748 529 multi-

389 549 502 601 plices
529 552 759 601 magistratus
774 569 784 598 ς
814 559 850 590 et
876 553 973 591 cives
1000 566 1126 592 omnes
1153 553 1238 591 sunt
1263 553 1379 598 liberi,
1397 553 1492 591 inter
1517 567 1608 603 quos
1626 555 1747 605 impe-

389 615 496 653 randi
512 621 548 653 et
566 616 715 665 parendi
733 617 781 653 est
799 617 1010 661 viciffitudo,
1031 625 1074 655 ut
1094 619 1187 655 inter
1205 630 1319 668 pares.
1373 618 1475 655 Tum
1502 618 1606 656 docet
1624 619 1745 656 domi-

391 693 484 718 num
504 682 573 717 five
593 683 722 718 berum
741 694 813 719 non
833 695 877 718 ex
895 682 1043 719 scientia
1067 682 1294 726 dominandi,
1313 687 1378 719 aut
1403 681 1604 732 poffeffione
1628 682 1744 720 servo-

178 744 317 797 Sfcienfi}
327 744 383 774 he-
393 756 490 788 rum,
508 742 565 781 sed
583 757 627 781 ex
645 757 773 783 eorum
791 744 856 781 usu
874 744 939 782 effe
957 745 1150 783 dominum
1167 761 1175 784 :
1206 758 1324 795 neque
1342 756 1425 783 vero
1442 745 1630 783 scientiam
1649 746 1745 783 heri„

177 787 244 869 {2¹⁸⁹}
256 785 363 869 2¹:335·
391 807 478 851 lem,
497 814 562 844 aut
579 807 755 852 servilem,
775 822 954 859 magnum
982 818 1046 848 aut
1072 811 1259 860 egregium
1282 811 1371 861 quid
1396 812 1605 848 continere:
1633 817 1743 860 atque

390 872 477 908 hinc
495 870 571 908 fieri
591 878 632 908 ut
650 872 715 921 qui
734 873 876 910 domini
904 874 972 911 hac
1001 874 1052 911 rei
1079 874 1272 912 familiaris
1291 887 1377 912 cura
1395 874 1463 911 sese
1481 874 1624 924 possunt
1650 874 1742 911 libe-

385 947 476 978 rare,
506 941 548 971 ut
576 948 661 972 cum
688 936 837 973 ditiores
864 936 962 981 sunt,
986 938 1208 976 constituant
1235 940 1414 989 ἐπίτροπον,
1434 939 1504 976 five
1531 945 1741 988 procurato-

384 1011 477 1043 rem,
496 998 650 1041 Gallice,
668 1012 715 1036 un
732 999 906 1038 intendant
920 1015 934 1036 :
963 1001 1033 1050 Ipsi
1052 1014 1135 1039 vero
1153 1003 1198 1040 ad
1216 1015 1272 1040 res
1291 1003 1471 1052 graviores
1490 1002 1657 1039 animum
1677 1002 1740 1038 ad-

378 1061 567 1111 jungant:
597 1069 689 1111 puta
715 1064 760 1100 ad
786 1064 1062 1113 rempublicam,
1083 1066 1140 1102 vel
1166 1066 1212 1103 ad
1238 1065 1520 1115 Philosophiam,
1541 1064 1560 1106 ὒ
1587 1066 1739 1104 πολιτεύ-

380 1142 488 1169 ηται,
508 1125 527 1166 ἢ
546 1132 795 1178 φιλοσοφοῦσιν.
849 1127 951 1166 Hinc
968 1129 1155 1179 colligitur
1176 1129 1377 1168 studiorum
1404 1128 1738 1180 philosophicorum

383 1190 570 1230 nobilitas-

883 1297 946 1336 Ad
965 1297 1051 1351 Cap,
1068 1299 1239 1337 offavum.

435 1383 684 1422 OEconomica
701 1384 750 1422 est
767 1384 824 1422 vel
842 1385 1092 1435 personarum,
1104 1391 1160 1423 -ut
1186 1385 1473 1436 patrisfamilias,
1491 1385 1627 1431 uxoris,
1644 1385 1736 1423 libe-

381 1460 520 1491 rorum,
541 1447 722 1485 servorum
738 1463 748 1485 :
779 1449 835 1486 vel
854 1462 988 1492 rerum,
1005 1457 1047 1488 ut
1063 1449 1146 1488 sunt
1165 1449 1382 1500 poffeffiones
1398 1456 1434 1487 et
1450 1450 1602 1489 divitiae.
1647 1450 1737 1499 Egit

379 1509 487 1559 supra
505 1510 710 1549 Aristoteles
737 1511 781 1548 de
807 1512 909 1549 Hero
925 1518 960 1549 et
978 1512 1085 1550 servis
1100 1528 1111 1558 ς
1142 1513 1264 1562 itaque
1283 1513 1327 1550 de
1346 1525 1455 1551 uxore
1477 1519 1513 1550 et
1531 1513 1653 1550 liberis
1678 1513 1736 1550 di·-
1748 1501 1759 1509 „

379 1586 457 1611 cere
475 1574 642 1625 deinceps
669 1576 884 1624 oportebat3
905 1575 961 1613 sed
987 1576 1074 1625 quia
1092 1575 1150 1617 τὴν
1169 1575 1326 1619 mnemia
1344 1577 1402 1616 καὶ
1422 1576 1598 1624 urinam,
1618 1582 1733 1616 artem

380 1637 652 1688 quaestuariam,
679 1645 714 1676 et
741 1639 958 1688 poffeffiones
977 1641 1045 1678 five
1066 1653 1134 1685 res,
1147 1639 1227 1689 jam
1248 1640 1353 1691 supra
1369 1653 1450 1690 cap.
1468 1653 1506 1688 3.
1534 1641 1731 1690 attigerat:

380 1701 460 1740 ideo
492 1702 618 1740 relicta
649 1703 687 1740 in
718 1702 828 1740 finem
861 1703 946 1741 libri
976 1704 1208 1754 personarum
1234 1705 1525 1749 consideratione,
1553 1717 1607 1742 res
1634 1717 1733 1742 nunc

376 1765 548 1816 explicat,
575 1771 612 1803 et
635 1771 750 1806 artem
780 1766 989 1816 poffidendi,
1018 1781 1102 1817 quae
1128 1766 1386 1819 χρηματιστικὴ
1410 1767 1559 1811 dicitur,
1584 1769 1654 1804 five
1674 1764 1732 1806 *rei

377 1830 599 1868 nummariae
620 1832 824 1881 quaerendae
851 1831 958 1878 ratio,
978 1831 1083 1869 docte
1109 1832 1339 1881 graviterque
1357 1831 1568 1881 pertractat,
1586 1830 1734 1881 sumpta

377 1894 466 1932 hinc
482 1895 674 1940 occafione,
693 1895 793 1945 quod
811 1895 929 1934 servus
949 1895 990 1933 fit
1009 1908 1092 1946 pars
1110 1894 1334 1946 poffeffionis,
1352 1896 1408 1933 vel
1427 1908 1481 1932 res
1500 1895 1624 1945 aliqua
1651 1894 1733 1944 pos-

378 1957 472 1995 sessa.

430 2022 567 2060 Statuit
599 2023 713 2072 igitur
743 2023 864 2073 primo
895 2022 1212 2061 Chrematisticam
1244 2022 1384 2060 differre
1415 2023 1461 2060 ab
1490 2023 1732 2068 oeconomica,

165 2098 343 2131 Chremgfi-
379 2087 466 2136 quia
495 2087 683 2137 utriusque
706 2088 775 2125 sint
801 2087 948 2125 diversae
975 2087 1131 2126 rationes
1157 2094 1193 2124 et
1218 2086 1360 2134 officia3
1389 2101 1474 2125 cum
1504 2088 1602 2126 illius
1625 2089 1667 2124 sit
1693 2089 1733 2125 τὸ

165 2144 242 2191 Ῐῗῐοῑ
257 2151 344 2181 quae·
379 2149 600 2201 πορίσασθαι,
621 2163 779 2200 quaerere
806 2158 842 2187 et
869 2150 1108 2201 suppeditare,
1128 2149 1237 2199 hujus
1255 2151 1293 2188 τὸ
1311 2149 1527 2200 χρῆσασθαι,
1546 2151 1614 2188 uti.
1669 2152 1731 2189 Se*

164 2192 360 2258 alticffffiff-
377 2215 498 2252 cundo
515 2215 659 2265 quaerit,
677 2228 724 2251 an
743 2215 1022 2252 Chrematistica
1035 2215 1104 2252 five
1120 2227 1175 2252 ars
1194 2214 1408 2264 quaestuaria
1426 2216 1467 2252 fit
1484 2227 1567 2264 pars
1583 2227 1730 2253 oecono-

162 2275 226 2301 ²⁸¹¹·
380 2279 497 2322 micae,
525 2279 582 2316 vel
613 2278 690 2328 ejus
715 2278 867 2322 famula,
899 2285 935 2316 et
966 2278 1188 2316 administra.
1240 2277 1448 2328 Respondet
1476 2278 1574 2317 faeta
1604 2279 1732 2317 distin-

377 2342 498 2379 &ione
514 2342 802 2381 Chrematistices
822 2343 860 2379 in
881 2342 1114 2386 Naturalem,
1131 2351 1169 2379 et
1185 2341 1440 2380 Artificialem.
1495 2343 1581 2381 Ideo
1607 2351 1731 2381 autem

376 2407 510 2444 dividit
538 2408 607 2444 hoc
633 2408 743 2444 modo
771 2407 1101 2450 Chrematisticam‚
1119 2406 1219 2456 quod
1246 2419 1300 2443 res
1327 2405 1533 2450 familiaris,
1552 2407 1608 2444 vel
1627 2420 1649 2444 a
1666 2421 1732 2445 na-

165 2475 361 2508 ouaestuaria
379 2477 474 2514 tura,
493 2471 550 2509 vel
571 2472 617 2507 ab
634 2479 710 2508 arte
737 2471 985 2520 suppeditetur
1012 2471 1082 2508 sine
1109 2470 1347 2507 commerciis.
1400 2471 1619 2508 Naturalem
1646 2485 1733 2522 ergo

163 2519 326 2555 mmmm·
378 2535 634 2584 quaestuariam
653 2535 853 2572 subdividit
869 2534 1064 2572 secundum
1083 2535 1171 2572 vitae
1187 2546 1316 2584 genera
1332 2541 1368 2572 et
1387 2536 1525 2574 modos.
1578 2536 1633 2573 Hi
1647 2549 1732 2573 vero

376 2599 637 2635 alimentorum
664 2607 701 2635 et
726 2598 844 2635 vietus
869 2598 1072 2635 differentia
1097 2596 1355 2647 dijudicantur.
1408 2599 1511 2635 Hinc
1531 2599 1629 2636 enim
1650 2601 1729 2636 ani-

374 2663 489 2699 malia
515 2676 580 2712 pro
609 2663 747 2699 ratione
773 2662 909 2699 diversa
937 2662 1060 2713 pabuli
1089 2668 1125 2699 et
1152 2661 1283 2705 vietus,
1300 2662 1478 2699 diversum
1505 2664 1616 2700 etiam
1641 2665 1728 2702 vitae

373 2738 491 2775 genus
508 2739 550 2762 ac
569 2726 719 2764 modum
748 2726 961 2776 sequuntur,
981 2727 1077 2763 unde
1096 2725 1167 2762 alia
1186 2727 1351 2771 ἀγελαῖαι,
1372 2726 1545 2776 gregalia,
1564 2727 1619 2764 vel
1639 2740 1727 2764 con-

372 2796 547 2841 gregata3
576 2790 649 2828 alia
674 2788 879 2843 στοςαδικᾶ,
909 2790 1080 2840 solivaga,
1111 2803 1195 2840 quae
1224 2789 1367 2839 sparsim
1392 2795 1428 2826 et
1457 2802 1546 2841 vage
1571 2790 1723 2828 vivuntx
