1904 3308
233 724 366 756 Virtutis

232 765 420 798 excellentia

230 807 419 858 recipienda.

252 1897 352 1935 Regni

250 1940 393 1981 quinque

254 1990 378 2024 genera.

267 2344 354 2376 auid
367 2352 413 2383 tve-

268 2390 319 2427 gia
332 2387 433 2417 custo·

269 2431 331 2462 dia.

427 173 466 211 xi
604 218 607 223 ¹
803 160 1048 233 sYNopffls
1075 171 1395 212 ANALYTICA

429 278 669 330 potentiorem
699 278 738 315 in
769 279 918 317 civitate
945 280 1058 329 potest
1085 280 1290 318 ostracismo
1315 281 1493 326 cohibere,
1518 280 1667 331 majoris
1693 281 1782 322 boni

431 342 562 391 gratia,
582 356 626 379 ne
646 341 780 380 scilicet
800 344 882 380 inde
901 343 1119 393 Respublica
1147 345 1268 393 capiat
1287 345 1561 382 detrimentum.
1580 344 1582 346 ’
1615 345 1784 383 Consulit

433 412 557 441 tamen
578 405 629 441 ita
647 405 713 442 effe
732 419 752 441 a
770 406 951 455 principio
979 407 1258 456 Rempublicam
1289 408 1577 456 temperandam,
1593 414 1639 444 -ut
1665 408 1786 457 postea

434 481 507 506 non
537 475 641 517 egeat
669 470 825 511 τοιαύτης
857 471 1015 519 ἴατρείας,
1038 471 1102 506 tali
1134 471 1328 507 medicina.
1382 472 1479 507 Cum
1509 484 1592 508 vero
1618 472 1690 508 duo
1718 472 1787 514 fint

435 531 670 576 excellentiae,
691 535 748 574 τῆς
777 537 958 584 ὁπεξοχῆς,
981 546 1134 582 genera3
1166 547 1281 570 unum
1311 534 1470 578 virtutis,
1488 534 1641 571 alterum
1670 535 1789 572 civilis

436 596 623 647 potentiae,
643 603 683 632 ut
699 609 825 644 opum,
845 603 880 632 et
898 597 1098 634 amicorum
1115 613 1124 642 3
1154 598 1338 634 concludit
1358 612 1401 634 ne
1421 599 1458 634 in
1479 598 1621 647 optima
1640 599 1788 647 quidem

440 658 624 708 republica
653 659 808 695 nimiam
837 672 965 708 opum,
994 660 1210 703 amicorum,
1239 661 1425 709 civilisque
1452 660 1585 697 favoris
1614 659 1793 712 ὑπεροχὴ,

441 723 626 761 ferendam
653 721 746 768 effe3
777 722 923 759 virtutis
952 736 1034 759 vero
1061 723 1306 773 praestantiam
1327 724 1477 761 omnino
1504 723 1569 760 effe
1597 725 1792 761 amandam

444 792 479 823 et
499 786 739 835 recipiendam
769 791 811 821 ut
836 785 1015 835 optimam
1032 801 1043 832 ;
1073 786 1209 836 esseque
1235 787 1490 836 aequiffimunu,
1511 793 1550 823 ut
1570 800 1695 824 omnes
1715 787 1794 824 viro

443 850 655 888 excellenter
677 849 820 899 optimo
847 855 884 885 et
909 849 1162 899 sapientiffimo
1189 850 1314 899 sponte
1341 860 1519 901 pareant;
1547 851 1601 887 vel
1630 851 1796 899 pluribus

444 912 634 962 ejusmodi,
653 913 683 948 fi·
697 913 761 961 qui
779 919 914 955 extent,
937 926 1027 962 quos
1055 913 1136 949 sane
1166 914 1319 950 omnino
1345 914 1490 964 expedit
1517 926 1615 962 reges
1634 914 1698 950 effe
1716 926 1798 963 per-

444 984 586 1027 petuos„
605 977 772 1018 βασιλέως
792 974 874 1013 εἶναι
899 975 1039 1021 ἀϊδίους,
1059 989 1143 1014 cum
1167 978 1283 1015 virtus
1310 978 1352 1018 fit
1379 977 1538 1015 civitatis
1557 976 1799 1028 praestantiffi-

448 1052 531 1079 mus
556 1038 696 1088 scopus.

871 1145 932 1183 Ad
950 1146 1034 1198 Cap.
1052 1146 1383 1200 decimumquartum.

503 1232 692 1270 Hactenus
709 1233 752 1268 de
771 1232 976 1282 Republica
1003 1231 1148 1282 ejusque
1175 1234 1365 1283 generibus
1393 1233 1431 1270 in
1460 1233 1683 1278 universum,
1701 1234 1803 1272 dein,

449 1309 533 1345 ceps
558 1297 602 1332 de
629 1295 779 1345 fingulis
799 1294 984 1345 speciatim
1015 1295 1174 1342 differit5
1204 1297 1325 1346 primo
1352 1297 1500 1346 quidem
1531 1298 1575 1334 de
1604 1296 1722 1341 retius,
1740 1298 1804 1335 de-

453 1359 536 1405 inde
554 1360 599 1395 de
618 1358 767 1396 vitiofis.
822 1359 905 1395 Hoc
933 1359 1045 1407 igitur
1072 1359 1211 1409 reliquo
1233 1360 1326 1396 libro
1343 1360 1385 1396 de
1405 1372 1515 1409 regno
1533 1366 1568 1396 et
1587 1360 1808 1401 aristocratia

453 1422 683 1472 conjunctim
705 1421 915 1472 pertractat,
935 1423 1024 1471 quia
1050 1422 1236 1472 utriusque
1263 1422 1348 1459 finis
1374 1423 1423 1460 est
1450 1423 1563 1459 virtus
1578 1439 1589 1470 3
1619 1423 1676 1460 sed
1702 1436 1809 1473 parce

451 1494 490 1537 iet
520 1487 645 1523 leviter
671 1487 715 1522 de
744 1485 990 1523 Aristocratia.
1045 1487 1141 1522 Cum
1169 1494 1289 1522 autem
1319 1487 1442 1523 docere
1472 1487 1649 1531 instituat,
1667 1493 1703 1523 et
1724 1486 1810 1523 dili-

456 1551 601 1600 gentius
628 1550 822 1599 explicare,
847 1563 894 1586 an
922 1562 1089 1599 regnum,
1116 1551 1213 1599 quod
1245 1556 1348 1586 vocat
1366 1551 1555 1593 βασιλείαν,
1575 1549 1812 1600 praestabilius

460 1615 517 1658 fit,
538 1614 680 1658 melius,
701 1620 736 1650 et
758 1614 1067 1650 accommodatius
1096 1614 1353 1663 gubernandi8‚
1374 1614 1427 1650 vel
1449 1614 1486 1650 in
1504 1613 1664 1658 civitate,
1682 1613 1737 1650 vel
1758 1626 1813 1650 re-

463 1678 571 1727 gione
602 1678 776 1727 qualibet,
810 1676 1046 1722 hominibus;
1084 1690 1196 1726 quam
1227 1677 1299 1713 alia
1331 1676 1469 1726 quaevis
1502 1677 1659 1714 Politia:
1691 1676 1814 1714 statuit

463 1741 566 1791 prius
585 1741 650 1777 effe
670 1753 862 1789 regnorum
892 1753 1023 1788 genera
1045 1740 1311 1789 distinguenda.
1365 1741 1491 1789 Atque
1508 1753 1549 1776 ea
1568 1740 1714 1788 quidem
1728 1740 1815 1780 'omq

463 1804 554 1842 nino
580 1803 645 1840 effe
672 1804 850 1853 quinque,
881 1803 917 1838 in
948 1803 1080 1852 quibus
1110 1802 1243 1839 scilicet
1272 1802 1475 1852 imperandi
1504 1802 1632 1839 modus
1657 1801 1816 1839 diversus

465 1868 642 1907 videatur.
698 1867 865 1904 Primum
893 1867 945 1902 ait
971 1866 1035 1903 effe
1064 1867 1302 1911 Laconicum,
1322 1868 1420 1916 quod
1440 1867 1505 1916 qui
1524 1873 1621 1904 tenet
1639 1867 1724 1904 belli
1742 1867 1818 1904 dux

467 1933 515 1968 est
535 1931 700 1968 summus
719 1939 754 1966 et
775 1930 974 1979 imperator
991 1937 1186 1980 perpetuus
1202 1946 1211 1974 ;
1243 1930 1293 1966 ita
1313 1937 1432 1966 tamen
1454 1937 1493 1966 ut
1515 1943 1621 1980 penes
1641 1943 1725 1967 eum
1745 1942 1819 1967 non

467 1997 510 2033 fit
528 1995 671 2035 summa
698 2008 818 2032 rerum
847 1995 1014 2031 omniurn
1044 1995 1210 2045 potestas,
1230 1995 1293 2031 nisi
1313 1996 1400 2032 dum
1427 2002 1528 2032 extra
1545 1995 1633 2032 fines
1652 1996 1820 2034 Lacedae,

468 2060 612 2099 monios
641 2059 832 2096 excefferit.
887 2058 1036 2095 Dicitur
1066 2060 1134 2095 hoc
1164 2071 1316 2108 regnum
1345 2061 1536 2108 στρατηγία
1567 2061 1821 2115 αὐτοκρατόςωνξ

471 2122 528 2162 καὶ
560 2122 675 2166 ἀΐδιος,
711 2121 728 2162 ἢ
759 2121 815 2159 διὰ
846 2123 937 2165 βίου.
990 2121 1178 2171 Aliudque
1206 2122 1254 2158 est
1282 2122 1551 2159 haereditarium
1587 2122 1681 2160 κατὰ
1712 2126 1822 2168 vivom

472 2188 572 2227 aliud
599 2187 796 2237 optimum,
816 2187 885 2222 sive
903 2199 947 2222 ex
966 2185 1149 2228 eleffione,
1170 2188 1306 2237 αἱρετόν.
1361 2187 1565 2223 Secundum
1593 2186 1824 2237 barbaricum

475 2251 630 2301 imper-io
663 2250 857 2300 tyrannico
888 2256 924 2286 et
955 2249 1057 2285 herili
1078 2249 1216 2297 *fimile‚
1246 2249 1528 2294 haereditarium,
1561 2255 1597 2286 et
1622 2250 1700 2301 lege
1727 2250 1826 2302 apud

477 2317 649 2354 barbaros
668 2314 919 2357 constitutum,
938 2327 1021 2350 cum
1044 2313 1141 2363 regia
1158 2313 1319 2350 custodia
1351 2326 1422 2350 non
1450 2313 1663 2363 tyrannica:
1694 2312 1829 2362 φυλακὴ

481 2379 512 2417 δὲ
531 2377 707 2423 βασιλικὴ,
725 2377 774 2414 est
791 2391 876 2414 cum
896 2378 990 2414 cives
1016 2378 1127 2413 armis
1153 2376 1225 2413 suis
1252 2389 1371 2426 regem
1399 2377 1628 2422 custodiunt3
1658 2375 1829 2428 τυραννφκὴ

483 2442 515 2480 δὲ
543 2455 628 2479 curn
658 2430 796 2478 eiterni
825 2447 861 2477 et
887 2440 1111 2490 aiienigenae.
1165 2440 1335 2477 Tertium
1362 2440 1411 2477 est
1437 2441 1607 2477 Graecum
1634 2446 1749 2492 vetus.
1768 2443 1831 2477 Αἷ-

485 2507 668 2553 συμνητία,
687 2504 843 2547 dietum,
864 2504 960 2553 quod
987 2503 1052 2540 alii
1076 2502 1248 2540 eleffione
1266 2503 1376 2540 creati
1404 2509 1439 2540 et
1468 2503 1680 2551 Αἰσυμνῆται
1701 2503 1832 2553 vocati,

486 2573 661 2616 perpetuo
679 2567 876 2615 gerebant:
907 2566 969 2602 alii
989 2572 1086 2602 certo
1113 2573 1287 2614 tempore,
1318 2573 1354 2602 et
1379 2566 1424 2602 ad
1450 2572 1562 2602 certas
1590 2579 1656 2602 res.
1710 2566 1834 2603 Quar-

486 2636 570 2672 tum
590 2630 804 2673 Heroicum,
825 2630 921 2678 quod
949 2629 1054 2679 prisci
1084 2629 1137 2666 illi
1157 2629 1295 2666 Heroes
1316 2642 1387 2666 uno
1411 2629 1537 2680 populi
1556 2628 1726 2665 consensu
1744 2628 1835 2665 olim

489 2693 701 2732 obtinebant
730 2694 776 2730 ob
803 2706 856 2729 res
883 2694 929 2729 ab
957 2693 1041 2743 ipfis
1062 2693 1233 2743 praeclare
1252 2693 1379 2743 gestas,
1406 2700 1441 2730 et
1472 2693 1618 2743 publica
1636 2692 1834 2738 beneficia3

491 2762 640 2810 eratque
667 2757 748 2808 ideo
773 2756 998 2807 legitimum,
1021 2757 1283 2802 voluntarium,
1313 2757 1389 2796 imo
1417 2762 1452 2794 et
1480 2756 1777 2801 haereditarium;
1801 2760 1839 2802 et
