1904 3308
235 1413 330 1453 (hersf,
344 1423 417 1443 ταν-

237 1457 337 1496 ταχοῧ
352 1456 385 1486 τὸ

233 1498 391 1541 χρήσιμον,

233 1540 343 1574 ἥκιστα
358 1542 407 1584 ἆρ-

233 1584 338 1624 ‘abe-ru
354 1586 412 1617 τοῖς

234 1626 415 1665 μεγαλοψύ-

234 1676 299 1708 χοις
316 1669 367 1699 καὶ

235 1713 294 1744 τοῖς
310 1711 425 1742 ἐλεηθέ-

233 1760 300 1796 ρης,

231 2507 307 2543 Fera
321 2511 388 2541 ani-

229 2554 327 2585 malia
343 2563 407 2583 non

228 2597 302 2627 sunt
312 2597 403 2627 sortia

227 2639 291 2669 five
302 2648 429 2679 genero-

226 2681 271 2714 sa.

452 162 537 201 xciv
830 160 1073 209 S‘YNoPSIS
1100 162 1421 210 ANALYTICA

451 274 594 370 aussm’·
608 271 664 310 vel
691 273 738 311 ob
762 273 906 314 lucrum
932 278 1002 315 hoc
1029 277 1095 316 effe
1112 277 1260 324 θητικὸν,
1278 278 1342 318 καῖ
1359 273 1517 325 Sava-nbi,
1535 278 1799 318 mercenariam*

453 339 491 371 et
523 333 644 374 ervilea

961 436 1024 483 Ad
1042 446 1129 498 cap.
1149 447 1298 486 tertium.

505 520 677 564 Recenset
694 533 787 565 artes
806 534 844 576 4.
863 535 946 579 qu'ae
963 530 1140 569 discendae
1158 531 1242 569 sunt
1269 531 1555 576 adolescentulis,
1571 527 1799 570 'Grammati-

450 599 548 633 cam,
564 594 610 650 et*
627 590 810 629 PiCturam
827 608 838 637 3
867 593 992 630 ambas
1012 595 1110 632 enim
1132 596 1175 632 ad
1194 595 1280 632 vitae
1298 594 1418 639 usum,
1435 602 1478 631 ut
1497 596 1543 632 ad
1560 582 1801 644 loquendum,·

450 651 694 705 scribendum,
723 655 991 702 aedificandum,
1017 658 1178 696 locorum
1204 659 1458 709 descriptiones
1484 665 1521 696 et
1548 669 1656 709 opera
1681 658 1798 696 artifia

451 728 537 753 cum
559 712 803 766 dijudicanda,
822 720 1009 758 vitandam
1041 722 1080 759 in
1110 724 1295 774 emptione
1322 729 1357 760 et
1386 723 1592 760 venditione
1617 723 1799 773 deceptio-

450 790 552 824 nem,
587 782 896 830 pulchritudinem
933 786 1091 835 corporis
1135 781 1418 836 cognoscendam
1464 787 1624 824 multum
1668 786 1797 824 valere'.

453 843 542 879 Quo
568 840 647 881 loco
675 846 818 882 notabis
845 846 1019 896 pingendi
1046 856 1159 887 artem
1180 846 1380 887 Aristotelis
1399 856 1503 887 aetate
1522 849 1623 886 fuiffe
1641 849 1798 899 percele-

450 906 565 944 brem.
618 906 718 945 Tum
754 909 1042 958 Gymnasticam,
1074 914 1119 950 ad
1149 913 1306 963 corporis
1341 913 1648 956 exercitationem,
1681 918 1717 949 et
1751 912 1797 949 ad

450 965 703 1009 fortitudinem
735 972 908 1012 conferre.
963 976 1142 1013 Muficam
1172 990 1246 1013 non
1274 983 1350 1013 tam
1382 978 1427 1014 ad
1454 977 1581 1013 ludum
1611 988 1723 1026 quam
1750 976 1797 1013 ad

449 1033 638 1071 honestum
666 1036 799 1081 otium,
827 1038 924 1088 quod
951 1040 1097 1090 negotio
1121 1039 1169 1076 est
1196 1039 1423 1089 praestantius
1447 1046 1482 1076 et
1508 1039 1663 1077 suavius.
1704 1031 1796 1076 ‘Ubi

449 1096 502 1133 ait
520 1097 647 1135 ludum
666 1106 702 1136 et
715 1098 842 1146 jocum
863 1103 984 1152 potius
1006 1104 1051 1140 ad
1078 1102 1224 1152 negotia
1241 1109 1277 1139 et
1295 1103 1434 1139 labores
1453 1101 1588 1145 referri,
1605 1102 1720 1139 animi
1740 1115 1794 1139 re-

447 1155 596 1197 laxandi
616 1163 747 1211 gratia,>
769 1178 879 1213 quam
908 1167 952 1203 ad
980 1167 1112 1211 otium,
1132 1166 1229 1215 quod
1256 1166 1517 1203 beatitudinem
1538 1165 1797 1215 honestamque

447 1224 674 1273 voluptatem
694 1227 869 1267 continet.-
924 1229 1070 1266 Ludum
1095 1223 1207 1272 enim,
1227 1229 1290 1278 qui
1317 1234 1414 1265 certo
1439 1235 1602 1279 tempore
1618 1228 1795 1278 usurpari-'-

447 1287 515 1324 dus
533 1288 594 1332 est,
613 1294 792 1339 tanquam
813 1292 1118 1330 medicamentum
1148 1294 1193 1330 ad
1221 1293 1378 1342 quietem
1397 1309 1408 1338 3
1438 1294 1544 1336 hanc,
1563 1293 1608 1329 ad
1626 1282 1797 1343 'volupta-

447 1355 523 1388 tem
552 1353 673 1391 referri
702 1362 738 1392 et
766 1356 1042 1400 beatitudinem,
1069 1370 1143 1407 qua
1168 1370 1240 1393 non
1268 1356 1459 1406 potiuntur
1484 1357 1549 1406 qui
1577 1357 1732 1406 negotiis
1757 1363 1794 1394 et

449 1416 547 1452 curi³
569 1416 651 1453 sunt
680 1415 863 1467 impliciti.
918 1420 1032 1456 Addit
1062 1419 1125 1455 sub
1151 1418 1275 1461 finem,
1295 1429 1366 1455 non
1394 1419 1513 1455 decere
1540 1419 1795 1467 magnanimos

448 1479 555 1516 utilia
581 1481 717 1530 ubique
736 1480 874 1520 seEtari.
928 1482 1139 1527 Concludit,
1157 1495 1285 1532 pueros
1302 1481 1545 1531 Gymnasticae
1564 1487 1599 1517 et
1619 1482 1792 1518 Paedotriae

448 1543 540 1581 bicae
573 1546 877 1589 committendos3
906 1546 959 1582 illi
990 1547 1152 1596 quidem,
1178 1553 1220 1583 ut
1246 1559 1395 1596 corpora
1425 1546 1522 1582 nuda
1546 1553 1793 1590 exerceantur,
1822 1554 1825 1557 ⁴

447 1608 564 1657 sicque
583 1608 673 1645 fiant
693 1610 886 1658 vegetiora,
905 1616 940 1646 et
959 1611 1004 1646 ad
1024 1609 1228 1647 fune'tiones
1249 1609 1326 1646 suas
1354 1609 1557 1658 paratiora;
1586 1609 1671 1645 huic
1692 1622 1790 1652 vero,·

448 1678 490 1708 ut
512 1672 719 1709 functiones
737 1680 773 1709 et
799 1673 916 1710 officia
942 1673 1100 1723 corporis
1131 1672 1378 1724 perficiantur,
1397 1679 1487 1723 puta
1514 1674 1559 1709 ad
1585 1662 1687 1710 arrha
1714 1678 1789 1710 tra-⁴

447 1735 592 1781 ‹standa‚
610 1743 646 1773 et
664 1736 770 1773 usum
790 1749 938 1774 omnem
955 1737 1055 1775 belli.

940 1841 1003 1880 Ad
1022 1843 1107 1894 Cap.
1126 1850 1298 1894 quartum.

495 1926 744 1978 Reprehendit
761 1942 819 1966 eos
848 1929 913 1978 qui
940 1929 1071 1966 fortem
1098 1929 1202 1965 illum
1231 1928 1518 1977 athleticumque
1544 1926 1711 1964 habitum
1734 1920 1813 1964 ni-t-

443 1991 521 2028 mia
549 1992 786 2042 Gymnastica
818 2000 881 2030 aut
912 1992 1150 2030 Paedotribica
1182 1993 1302 2042 pueris
1331 1992 1555 2032 conciliant3
1583 1991 1681 2040 quod
1708 1991 1801 2028 inde.

442 2069 637 2105 puerorum
665 2057 784 2093 forma
811 2064 846 2093 et
875 2057 1107 2106 pulchritudo
1134 2055 1350 2100 deflorescat,
1369 2062 1406 2092 et
1422 2068 1545 2092 eorum
1571 2055 1793 2091 incrementa

443 2121 715 2169 prohibeantur.
769 2119 868 2158 Tum
901 2121 953 2158 ait
986 2116 1264 2158 Lacedaemonas
1293 2121 1331 2157 in'
1357 2133 1399 2157 eo
1425 2132 1583 2169 peccare,
1608 2119 1705 2167 quod
1733 2118 1793 2155 ni-'

443 2183 529 2219 miis
550 2183 621 2219 illis
640 2183 820 2220 exercitiis
839 2183 1020 2219 feritatem
1040 2188 1075 2219 et
1095 2183 1365 2220 immanitatem
1395 2181 1508 2218 velint
1535 2180 1656 2230 pueris
1684 2181 1792 2217 indu-

440 2259 542 2283 cere:
574 2247 671 2296 quati
691 2246 814 2283 feritas
833 2246 944 2283 faciat
963 2247 1007 2283 ad
1027 2247 1296 2295 generositatem
1321 2252 1357 2282 et
1383 2244 1650 2282 fortitudinem.
1705 2244 1790 2280 Hoc

441 2311 540 2347 enim
559 2310 691 2347 falsum
711 2311 770 2348 est.
825 2311 923 2349 Cum
942 2307 1139 2347 videamus'
1154 2309 1407 2346 fortitudinem
1436 2306 1705 2344 mansuetudini
1724 2319 1791 2357 po-

441 2375 515 2411 tius
543 2374 608 2411 effe
637 2373 847 2423 adjunctam
878 2374 915 2410 in
942 2374 1024 2423 ipsis
1052 2373 1285 2415 animalibus,
1309 2380 1352 2409 ut
1378 2372 1593 2421 elephantiS,
1614 2372 1793 2415 leonibus,

441 2438 559 2488 equis,
578 2439 741 2481 canibus,
763 2438 800 2474 in
819 2437 952 2487 quibus
970 2438 1136 2487 quaedam
1163 2442 1339 2487 apparent
1366 2436 1546 2472 virtutum
1574 2436 1762 2472 simulacra
1779 2450 1791 2478 ς

443 2503 528 2539 hinc
555 2502 674 2538 leones
701 2501 780 2551 typi
809 2501 891 2538 sunt
918 2501 1127 2551 principum
1146 2500 1297 2537 fortium
1322 2507 1357 2536 et
1384 2500 1633 2536 clementium.
1686 2499 1790 2536 Nam·

441 2566 533 2615 lupi,
559 2566 744 2609 dracones,
776 2565 885 2614 tigres
914 2565 989 2601 sera
1019 2564 1193 2600 animalia
1220 2563 1433 2600 fortitudine
1459 2570 1593 2600 carent.
1647 2563 1730 2599 Imo
1756 2569 1793 2598 et

442 2628 508 2664 feri
537 2628 590 2664 illi
618 2629 784 2664 homines
804 2627 868 2676 qui
896 2640 1018 2663 carnes
1045 2629 1224 2663 humanas
1251 2633 1391 2669 vorant,
1415 2624 1689 2676 ἀνθςωποφοίγοι,
1711 2625 1793 2661 ideo

439 2691 543 2735 dieti,
562 2699 602 2729 ut
622 2692 808 2735 Caribefii,
830 2698 866 2728 et
892 2691 1106 2741 Caripuani,
1127 2690 1236 2727 sortes
1263 2703 1337 2727 non
1363 2688 1457 2726 sunt.
1513 2689 1648 2725 Statuit
1677 2688 1790 2737 igitur

441 2768 570 2807 pueros
598 2756 723 2794 leviori
752 2768 795 2794 ac
825 2755 952 2794 leniori
980 2756 1167 2807 gymnafia
1193 2754 1404 2792 exercendos
1426 2752 1539 2804 usque
1556 2753 1601 2791 ad
1619 2754 1790 2804 puberta-
