1904 3308
254 1657 437 1697 Oligarchia

254 1706 288 1731 et
297 1701 454 1741 Tyrannis

255 1752 368 1782 parum
381 1743 440 1774 du-

255 1792 336 1816 rant.

253 2482 322 2515 Lib.
339 2483 394 2514 xii.
408 2490 438 2513 c.

252 2534 284 2567 5.
295 2526 390 2564 juxta

252 2570 388 2601 nostram

248 2612 415 2644 'correctio-

254 2664 342 2687 nem.

471 204 581 246 lxviii
855 208 1096 249 sYNOPSIS
1122 211 1201 250 AN
1202 211 1441 252 ALYTICA

474 328 551 364 quo
581 315 757 366 regnandi
787 329 919 355 arcano
948 319 1119 368 legendus
1151 321 1258 370 Joan.
1291 322 1451 359 Bodinus
1477 334 1557 372 cap.
1576 322 1613 360 6.
1647 313 1823 358 Methodi-

476 379 665 418 historicae.
720 380 920 419 Neminem
936 383 1046 420 etiam
1070 383 1214 421 suorum
1231 385 1276 421 ad
1296 385 1452 422 nimiam
1470 386 1670 436 potentiam
1689 395 1816 434 prove-

474 444 571 482 here.
623 444 688 481 Ab
705 443 838 494 injuria
855 446 992 483 civium
1011 459 1095 483 cum
1117 449 1161 484 ab
1180 448 1252 485 alia
1269 449 1384 493 omni,
1402 454 1481 486 tum
1501 450 1548 486 ab
1565 449 1623 489 his
1642 447 1817 491 maxime,

474 508 718 545 verberatione
744 508 877 545 scilicet
903 516 939 546 et
965 510 1098 559 stupro,
1125 511 1311 548 abstinere.
1365 512 1552 562 Supplicia
1583 524 1655 549 non
1687 516 1815 548 contu-

474 571 618 609 meliose
636 577 700 610 aut
718 572 932 621 petulanter,
950 572 1007 610 sed
1025 580 1177 623 paterno
1195 575 1319 612 animo
1336 575 1449 612 videri
1475 575 1648 625 infligere.
1703 575 1813 624 Igno·

474 634 592 672 'minia
611 635 768 684 quadam
798 635 955 681 afflues,
975 637 1117 686 magnis
1143 637 1337 675 honoribus
1357 639 1523 689 mitigare
1541 644 1577 675 et
1589 639 1694 688 ‹quafi
1713 649 1814 674 com·

474 699 632 749 pensare.
686 700 748 737 Ab
778 699 822 737 iis
854 700 1013 738 maxime
1040 701 1103 738 fibi
1131 714 1266 746 cavere,
1298 703 1362 752 qui
1389 715 1472 739 cum
1501 703 1616 739 vitam
1644 707 1679 738 et
1704 705 1816 750 caput

471 763 639 813 Tyranni
656 769 795 814 petant,
814 763 858 800 de
876 763 937 801 sua
955 763 1113 814 ipsorum
1132 764 1209 802 vita
1227 772 1290 803 aut
1310 772 1426 803 morte
1451 779 1525 803 non
1553 765 1712 804 multum
1732 763 1817 800 sunt

470 827 629 866 solliciti.
684 829 763 866 Hos
796 836 919 866 autem
950 830 1131 880 contingit
1160 830 1224 867 esse
1257 831 1358 876 tales,
1386 832 1450 881 qui
1476 831 1511 868 se
1538 831 1594 869 vel
1622 830 1711 867 alios
1733 828 1814 866 suos

469 891 726 930 contumeliose
754 892 854 929 laesos
881 898 1026 943 putant.
1079 893 1177 931 Dare
1203 899 1374 943 praeterea
1392 908 1540 945 operam
1559 901 1601 932 ut
1618 894 1727 938 cives,
1744 893 1815 929 five

470 955 615 999 divites,
634 956 702 992 five
721 968 906 1006 pauperes,
925 956 1071 993 credant
1089 955 1123 993 se
1140 955 1238 994 salvo
1265 957 1418 1007 imperio
1436 957 1501 995 esse
1518 958 1625 995 etiam
1646 956 1760 994 salvos
1777 962 1814 992 et

471 1020 683 1057 incolumes.
737 1020 830 1056 Item
851 1026 996 1057 neutros
1014 1020 1122 1058 finere
1140 1021 1203 1058 fibi
1221 1021 1376 1059 invicem
1403 1022 1468 1060 effe
1495 1021 1659 1072 injurio&
1712 1022 1813 1058 Inte-

470 1083 541 1119 rim
569 1083 787 1133 potentiores
814 1083 877 1120 fibi
904 1083 1104 1126 conciliare,
1131 1083 1280 1134 suosque
1311 1085 1439 1123 facere.
1491 1086 1661 1135 Denique
1685 1085 1812 1122 debere

467 1147 684 1196 Tyrannum
707 1146 875 1184 affectum
905 1146 969 1184 este
996 1148 1042 1184 ad
1067 1147 1239 1185 virtutem
1259 1150 1439 1198 praeclare,
1465 1163 1531 1187 nec
1560 1150 1812 1200 depravatum,

467 1209 527 1247 sed
546 1210 979 1262 &panthaenusemimalum
999 1210 1056 1248 καὶ
1078 1211 1509 1263 ἦμίχρηστον,]“εηιίὂοηανη.
1562 1213 1600 1250 Si
1616 1213 1713 1250 enim
1732 1211 1815 1249 effet

467 1275 622 1311 omnino
641 1276 788 1324 probus,
808 1273 1038 1324 pei-festaque
1063 1275 1197 1312 virtute
1224 1276 1410 1326 praeditus,
1424 1274 1504 1326 jam
1529 1289 1601 1314 non
1618 1277 1813 1327 Tyrannus

466 1336 526 1375 sed
544 1338 624 1375 Rex
644 1338 765 1388 potius
783 1338 975 1375 videretur.
1028 1338 1181 1375 Discant
1205 1338 1350 1376 interim
1379 1352 1477 1389 reges
1501 1353 1543 1377 ac
1569 1339 1749 1390 principes
1766 1351 1810 1376 ex

467 1400 627 1438 hominis
660 1400 794 1450 Pagani
822 1399 1000 1444 doetrina,
1029 1400 1158 1450 quanti
1192 1400 1233 1438 fit
1262 1402 1438 1438 momenti
1464 1402 1602 1452 religio,
1631 1401 1747 1438 virtus
1773 1407 1809 1438 et

462 1462 605 1513 justitia
623 1465 668 1501 ad
686 1463 839 1502 feliciter
856 1464 1124 1515 imperandum.

934 1568 998 1606 Ad
1016 1569 1102 1621 Cap.
1119 1568 1352 1609 duodecimum.

519 1655 656 1694 Statuit
674 1655 794 1706 primo
820 1668 864 1692 ex
891 1655 1063 1692 omnihus
1089 1655 1317 1705 Reipublicae
1336 1656 1533 1706 speciebus,
1551 1656 1805 1706 Oligarchiam

464 1726 499 1757 et
516 1719 768 1770 Tyrannidem
796 1718 918 1755 minus
946 1717 1011 1755 effe
1039 1718 1242 1756 diuturnas.
1295 1719 1452 1756 Causam
1482 1732 1554 1756 non
1582 1719 1695 1764 affert,
1720 1719 1812 1768 quia

463 1784 623 1827 facilem,
641 1784 688 1820 ob
706 1781 892 1831 utriusque
913 1782 1091 1819 malitiam
1119 1787 1156 1819 et
1182 1782 1424 1820 insolentiam.
1477 1783 1544 1820 Sed
1563 1782 1668 1832 ponit
1685 1795 1805 1819 exem-

463 1847 526 1898 pla
551 1845 749 1897 praesertim
767 1845 812 1882 de
827 1845 1052 1895 Tyrannide,
1070 1858 1156 1883 cum
1175 1845 1226 1882 ait
1243 1845 1354 1882 aliam
1373 1845 1444 1882 alia
1462 1846 1676 1890 breviorem,
1696 1846 1806 1882 aliam

461 1910 727 1949 diuturniorem
747 1910 795 1946 ob
811 1915 926 1946 certas
944 1908 1066 1945 causas
1083 1923 1091 1945 :
1122 1908 1179 1945 sed
1198 1908 1382 1958 plerasque
1400 1908 1465 1946 effe
1483 1909 1712 1946 breviffimas.

515 1974 680 2012 Secundo
697 1973 857 2010 Platonis
876 1978 993 2009 errata
1011 1973 1236 2022 reprehendit
1253 1973 1298 2010 de
1316 1973 1520 2010 mutatione
1545 1973 1805 2023 Rerumpubli-

463 2051 589 2078 carum
608 2050 652 2074 ex
669 2035 734 2074 lib.
753 2035 831 2073 viii.
849 2035 894 2072 de
911 2035 1128 2085 Republica.
1174 2035 1354 2080 Primum,
1372 2036 1421 2073 est
1438 2036 1536 2086 quod
1552 2036 1685 2073 dixerit
1703 2036 1808 2073 Plato

459 2102 532 2141 'five
550 2101 708 2139 Socrates
727 2099 826 2149 apud
843 2098 1032 2136 Platonem
1058 2098 1137 2136 loco
1154 2098 1289 2143 citat03
1319 2099 1399 2136 ideo
1424 2100 1706 2149 Rempublicam
1725 2114 1806 2138 om-

460 2178 548 2205 nem
570 2163 718 2207 mutari,
738 2162 836 2212 quod
853 2162 976 2199 omnia
995 2167 1195 2206 mutentur,
1213 2163 1377 2213 nihilque
1403 2163 1442 2200 in
1468 2164 1592 2200 eodem
1615 2163 1708 2200 statu
1727 2177 1804 2202 ma-

461 2234 561 2273 neat,
593 2227 650 2265 sed
681 2225 806 2263 omnia
834 2226 933 2262 velut
964 2225 1003 2262 in
1033 2226 1155 2262 orbem
1182 2226 1369 2275 *quendam
1402 2226 1576 2263 continuo
1605 2233 1804 2265 vertantur.

463 2292 559 2330 Haec
577 2291 676 2328 enim
696 2289 789 2327 ratio
807 2288 966 2326 nimium
985 2289 1034 2326 est
1052 2289 1227 2338 generalis
1243 2305 1251 2326 :
1280 2288 1475 2340 debuitque
1494 2291 1565 2327 alia
1591 2291 1743 2328 Politica
1769 2297 1805 2328 et

463 2355 612 2408 propria
642 2353 805 2404 proferri.
858 2353 940 2391 Hoc
970 2352 1050 2389 loco
1077 2352 1253 2394 rationem
1282 2352 1526 2390 viciffitudinis
1554 2366 1672 2391 rerum
1703 2353 1807 2392 fuisse

462 2432 527 2472 per
544 2430 713 2456 numeros
732 2415 958 2452 harmonieos
977 2428 999 2452 a
1017 2415 1164 2452 Platone
1190 2415 1409 2465 explicatam
1436 2415 1612 2466 fignificat
1628 2418 1804 2456 Aristote-

460 2484 526 2522 les.
581 2482 649 2519 Sed
666 2491 834 2517 numeros
851 2492 923 2515 non
941 2477 1005 2516 esse
1023 2491 1140 2515 rerum
1159 2478 1280 2516 causas
1298 2479 1419 2516 docuit
1439 2480 1510 2530 ipse
1538 2480 1576 2516 in
1604 2481 1804 2532 Metaphy·

462 2548 554 2591 ficis,
586 2551 629 2582 ut
661 2543 797 2581 ibidem
827 2542 1104 2580 observabimus.
1158 2543 1342 2580 Admonet
1372 2543 1518 2580 interim
1549 2544 1721 2593 quosdam
1755 2546 1802 2582 fic

461 2611 526 2648 effe
558 2623 579 2647 a
607 2614 738 2645 natura
764 2607 1004 2656 comparatoe,
1031 2612 1074 2642 ut
1100 2606 1201 2643 nulla
1228 2606 1449 2644 institutione
1474 2607 1619 2650 erudiri,
1644 2608 1803 2658 bonique

462 2675 531 2712 viri
565 2671 643 2709 fieri
679 2676 827 2720 queant.
881 2669 1099 2712 Secundum,
1133 2670 1231 2718 quod
1266 2669 1399 2706 dixerit
1433 2669 1535 2707 Plato
1572 2670 1805 2720 Respublica·

464 2739 559 2775 inter
575 2735 609 2772 se
627 2734 751 2772 ordine
767 2732 1014 2770 commutari:
1045 2733 1112 2769 hoc
1139 2732 1237 2769 enim
1267 2731 1411 2777 falsum,
1438 2745 1522 2769 cum
1552 2733 1733 2771 interdum
1762 2735 1801 2772 in

463 2799 675 2844 contrariaS,
705 2796 889 2834 interdum
917 2795 956 2833 in
985 2794 1161 2833 finitimas
1185 2801 1449 2849 permutentur.
1499 2797 1681 2843 Tertium,
1706 2799 1804 2848 quod
