1904 3308
463 199 542 238 lxiv
710 218 713 221 ·
847 199 1088 238 SYNOPSIS
1115 194 1356 236 ANALYTI
1362 198 1434 236 CA

465 305 623 344 suaviter
649 312 685 344 et
712 308 913 345 commode.
968 307 1228 349 Undecimam,
1259 306 1284 342 fi
1317 305 1354 342 in
1382 305 1505 342 iisdem
1534 301 1815 353 ‘Rebuspublicis

467 369 690 407 haereditates
719 383 792 407 non
817 370 1029 407 testamento
1052 376 1115 406 aut
1142 368 1280 418 legatis,
1299 367 1358 404 sed
1380 366 1461 415 jure
1486 366 1726 416 cognationis,
1743 366 1813 402 five

469 433 675 482 agnationis
700 433 778 482 lege
804 434 850 470 ab
877 432 1041 469 intestato
1056 431 1285 468 deferantur:
1315 436 1425 480 atque
1445 431 1490 467 ad
1509 443 1625 467 unum
1653 441 1727 465 non
1747 428 1813 464 nifi

466 509 554 534 una.
609 497 889 539 Duodecimam,
909 497 932 532 fi
961 494 1100 544 majora
1127 495 1351 536 tribuantur,
1365 499 1428 530 aut
1456 493 1558 542 paria
1572 494 1668 529 bona
1686 492 1731 528 iis
1749 491 1815 541 qui

443 589 446 592 >
468 560 749 610 Rempublicam
780 573 852 596 non
881 566 1026 609 gerunt,
1044 566 1086 596 ut
1113 559 1151 596 in
1180 558 1409 607 Oligarchia,
1428 558 1588 607 populo3
1618 558 1656 594 in
1676 557 1816 594 Demo-

259 1577 397 1612 Summa

260 1619 442 1658 Oligarchia

260 1668 293 1692 et
307 1663 426 1692 Demo-

262 1705 359 1734 cratia
369 1705 448 1744 peri-

258 1747 386 1777 eulosae.

262 2146 330 2180 Lex
344 2146 454 2177 anima

262 2190 306 2219 est
321 2189 429 2220 civita-

263 2232 313 2267 ‘is‘-

467 624 594 668 cratia,
612 623 804 660 ditioribus
824 622 962 672 paucis,
1016 623 1075 660 Sic
1091 623 1189 659 enim
1218 634 1240 658 a
1267 622 1437 658 seditione
1456 621 1523 658 hoc
1543 621 1642 670 quasi
1663 619 1815 657 Politico

469 688 546 724 astu
562 693 599 724 et
613 687 696 724 dolo
714 688 950 724 abducentur.

977 791 1040 829 Ad
1055 792 1142 842 Cap.
1161 804 1293 828 nonum.

519 876 656 914 Statuit
673 875 806 926 primo,
825 888 884 913 eos
911 876 976 926 qui
1004 876 1163 913 summos
1190 882 1320 926 gerunt
1348 875 1589 925 magistratus,
1606 875 1730 910 debere
1751 872 1817 910 effe

468 940 556 977 boni
588 939 725 989 publici
758 945 947 983 amantes;
984 939 1071 976 item
1101 940 1228 976 debere
1257 938 1458 975 officiorum
1496 937 1550 974 sui
1588 937 1818 986 magistratus

469 1002 673 1039 maximam
702 1003 830 1039 habere
857 1001 1043 1039 scientiam
1072 1008 1107 1038 et
1133 1001 1317 1051 peritiam,
1338 999 1474 1049 δύναμιν
1489 1005 1551 1037 τῶν
1572 999 1664 1050 ἔργων
1682 1002 1740 1041 ›ez‹
1760 1001 1817 1048 ἁρ-

468 1069 548 1115 >6515-
603 1066 743 1103 Debere
774 1066 931 1115 denique
975 1065 1148 1101 virtutem
1184 1071 1221 1100 et
1252 1063 1430 1112 justitiam
1468 1062 1593 1099 colere.
1651 1061 1817 1110 Improbi

469 1128 568 1164 enim
589 1141 663 1177 quo
681 1128 762 1177 plus
781 1126 938 1177 possunt,
956 1140 998 1163 eo
1016 1126 1099 1176 plus
1123 1134 1266 1162 nocent.
1325 1125 1376 1162 Ut
1404 1125 1498 1161 dixit
1526 1124 1628 1161 Plato
1646 1124 1710 1160 lib.
1731 1124 1755 1161 i.
1774 1124 1818 1159 de

469 1191 675 1241 Republica
691 1192 754 1227 ubi
782 1190 1005 1240 Philosophia
1034 1197 1122 1226 tunc
1152 1188 1347 1239 imperium
1376 1187 1558 1237 permittit
1576 1193 1612 1224 et
1630 1185 1818 1236 magistra-

469 1262 566 1299 tum,
583 1268 667 1292 cum
690 1255 728 1292 in
748 1255 953 1304 Republica
971 1254 1034 1291 alii
1062 1265 1135 1290 non
1164 1252 1249 1289 sunt
1278 1252 1348 1288 viri
1373 1252 1472 1288 boni.
1526 1252 1689 1288 Secundo
1707 1249 1819 1287 tradit

469 1319 608 1368 infigne
627 1323 848 1368 praeceptum
872 1316 1125 1355 servandarum
1144 1315 1517 1365 Rerumpublicarum
1539 1327 1621 1364 quae
1648 1315 1694 1350 ab
1721 1313 1818 1363 opti-

470 1383 540 1419 mis
564 1382 761 1424 declinant,
780 1387 822 1418 ut
841 1380 924 1418 sunt
953 1380 1165 1430 Oligarchia
1191 1385 1227 1416 et
1254 1378 1491 1416 Democratia
1506 1394 1518 1423 ς
1548 1378 1724 1414 nimirum
1752 1376 1820 1413 effe

470 1447 508 1483 in
529 1446 573 1483 iis
591 1445 883 1483 administrandis
909 1445 1103 1494 diligenter
1130 1444 1325 1480 tenendam
1359 1442 1669 1487 mediocritatem;
1700 1441 1752 1478 ita
1776 1446 1820 1476 ut

470 1510 509 1547 in
529 1509 763 1547 Democratia
790 1521 863 1545 non
890 1508 1016 1545 omnia
1041 1507 1194 1544 omnino
1221 1505 1475 1543 Democratica
1493 1506 1576 1549 fint,
1595 1517 1661 1541 nec
1679 1505 1715 1540 in
1737 1500 1821 1541 Oli-

473 1573 621 1623 garchia
645 1573 772 1609 omnia
799 1584 887 1622 pure
913 1570 1172 1620 Oligarchica:
1201 1582 1287 1606 cum
1307 1569 1471 1606 summus
1498 1566 1544 1605 in'
1563 1575 1717 1617 utraque
1736 1579 1821 1617 gra-

473 1637 540 1674 dus
571 1636 674 1673 valde
701 1636 744 1672 fit
770 1633 1002 1685 periculosus,
1027 1647 1142 1683 eoque
1170 1633 1298 1669 melior
1324 1633 1365 1669 fit
1395 1639 1564 1681 utraque,
1596 1642 1670 1680 quo
1698 1630 1823 1667 remis-

473 1703 541 1738 sior
565 1708 603 1738 et
634 1700 862 1737 moderatior.
915 1700 1063 1748 Nempe
1093 1698 1181 1748 quia
1216 1697 1405 1746 utriusque
1439 1696 1655 1746 temperatio
1683 1695 1820 1745 justam

473 1765 564 1802 facit
585 1761 885 1808 mediocritatem,
905 1776 980 1813 qua
1005 1762 1222 1812 Respublica
1247 1759 1487 1798 conservatur.
1541 1759 1697 1796 Sivenim
1722 1758 1821 1796 surn-

473 1842 535 1867 ma
560 1828 642 1867 effet
674 1828 908 1866 Democratia
936 1834 972 1864 et
1004 1825 1245 1869 intenfiffima,
1274 1825 1500 1875 populusque
1518 1823 1645 1861 omnia
1669 1823 1823 1860 omnino
1845 1830 1847 1835 ·

472 1893 537 1930 suo
555 1892 704 1929 arbitrio
724 1899 859 1941 regeret
878 1892 949 1928 {ine
967 1890 1209 1940 optimatibus
1224 1906 1235 1934 5
1264 1889 1302 1925 Si
1329 1887 1410 1924 effet
1437 1887 1548 1924 etiam
1568 1885 1822 1923 absolutissima

472 1956 699 2005 Oligarchia‚
728 1955 780 1991 ita
808 1961 852 1991 ut
883 1954 990 2004 pauci
1015 1953 1146 1990 divites
1168 1952 1293 1989 omnia
1320 1950 1471 2000 poffent,
1488 1949 1622 1999 suoque
1649 1955 1741 1986 nutu
1767 1962 1823 1986 res

473 2031 599 2056 omnes
619 2018 683 2055 soli
702 2024 876 2067 gererent,
895 2016 996 2054 nulla
1023 2015 1172 2065 reliquis
1195 2015 1335 2052 civibus
1353 2013 1476 2051 relieta
1493 2013 1721 2056 auetoritate,
1739 2025 1823 2063 pro-

473 2081 569 2118 fecto
595 2087 724 2118 neutra
752 2080 979 2130 Reipublicae
1005 2091 1141 2116 nomen
1171 2084 1391 2114 mereretur:
1421 2089 1505 2114 cum
1529 2076 1575 2112 fic
1593 2082 1749 2125 utraque
1765 2075 1822 2112 vel

475 2146 519 2181 ad
539 2157 752 2194 paucorum,
771 2144 826 2181 vel
847 2144 891 2180 ad
911 2142 1079 2180 omnium
1099 2141 1302 2184 libidinem,
1326 2141 1401 2179 fine
1424 2140 1564 2189 legibus
1589 2139 1675 2176 ullis
1703 2139 1823 2176 admi-

472 2208 692 2250 nistraretur,
721 2208 758 2244 in
787 2207 922 2257 quibus
950 2214 1073 2243 tamen
1102 2201 1203 2242 mens
1231 2211 1268 2241 et
1293 2204 1418 2241 anima
1443 2203 1601 2240 civitatis
1630 2204 1743 2253 posita
1761 2203 1822 2241 est.

471 2272 600 2309 Tertio
619 2272 729 2309 tradit
749 2271 849 2308 aliud
868 2270 1063 2307 Politicum
1089 2276 1326 2319 praeceptum,
1343 2268 1450 2317 longe
1477 2267 1676 2317 optimum,
1697 2267 1822 2304 debere

473 2336 512 2372 in
534 2334 776 2373 Democratiis
789 2340 946 2370 oratores
964 2334 1196 2383 Demagogos
1211 2331 1329 2369 favere
1344 2330 1619 2381 potentioribus,
1634 2341 1675 2365 ac
1694 2341 1760 2379 pro
1778 2329 1824 2365 iis

471 2400 602 2443 dicere,
639 2397 764 2435 saltem
797 2397 935 2442 videm
975 2397 1014 2434 in
1046 2395 1284 2446 Oligarchiis,
1320 2396 1460 2433 contra.
1514 2393 1667 2443 Alioqui
1703 2393 1822 2430 fovere

473 2464 569 2506 odia,
600 2475 742 2499 movere
771 2462 927 2506 animos,
961 2467 995 2498 et
1027 2460 1309 2510 Rempublicam
1343 2459 1502 2496 dividere
1532 2471 1574 2494 ac
1602 2458 1821 2507 perturbare.
1851 2456 1854 2459 ’

475 2527 588 2569 Quod
605 2525 758 2569 faciunt,
777 2525 844 2574 qui
871 2525 912 2561 in
936 2524 1151 2574 Oligarchia
1174 2522 1301 2572 jurant
1326 2529 1452 2559 contra
1478 2521 1669 2572 populum.
1723 2521 1823 2557 Con-

474 2589 603 2627 sultius
621 2594 768 2639 agerent
785 2588 808 2624 fi
827 2588 1045 2625 contrariam
1068 2585 1218 2635 jurandi
1246 2585 1440 2623 formulam
1470 2585 1594 2621 saltem
1622 2583 1824 2620 fimulando

478 2656 580 2704 (quae
605 2652 749 2690 fallacia
774 2651 823 2688 est
849 2650 1101 2701 Oligarchica)
1124 2649 1379 2699 sequerentur3
1407 2647 1603 2699 palamque
1621 2659 1663 2683 ac
1680 2646 1824 2696 publice

474 2716 740 2768 profiterentur,
771 2714 805 2752 se
835 2715 938 2752 nulla
966 2714 1107 2764 plebem
1137 2712 1270 2763 injuria
1297 2712 1498 2750 affeeturos.
1553 2711 1700 2748 Quarto
1725 2710 1822 2759 opti·

476 2794 576 2819 mam
607 2780 787 2819 servandae
815 2778 1042 2829 Reipublicae
1068 2777 1276 2816 cautionem
1305 2776 1405 2815 addit
1427 2774 1533 2826 supra
1550 2774 1673 2820 dietis,
1692 2785 1824 2823 nempe
