1904 3308
469 193 547 230 xliv
821 191 1063 232 SYNOPSIS
1092 194 1410 233 ANALYTICA

468 298 628 337 stabilius
647 312 732 350 ergo
748 301 866 350 legem
888 302 1087 352 imperare:
1119 303 1170 339 ita
1196 310 1317 340 tamen
1345 309 1387 340 ut
1414 302 1676 342 constituantur
1694 303 1814 354 magi-

466 362 595 399 stratus
614 363 752 413 legibus
771 364 933 414 subjee'ti,
953 367 1020 402 ssve
1047 366 1168 415 legum
1198 366 1352 403 ministri
1379 373 1414 403 et
1441 355 1612 410 custodes,
1633 381 1726 418 quos
1751 368 1812 405 hic

257 430 452 461 GuiNomo-
465 433 569 463 vocat
601 429 842 477 νομοφύλακας,
874 429 930 466 καὶ
965 432 1127 480 ὑπηρέτας
1157 434 1222 472 τοῖς
1254 431 1368 478 νόμοις,
1396 437 1438 467 ut
1469 431 1599 468 scilicet
1623 432 1810 468 servandas

254 474 318 514 phy
322 474 415 504 laces.
463 489 559 539 leges
576 498 713 534 curent,
733 498 859 540 eatque
880 505 962 529 cum
989 505 1079 541 opus
1106 492 1228 537 fuerit,
1251 493 1541 542 interpretentur,
1559 496 1754 544 corrigant,
1773 501 1810 532 et

463 555 626 591 adhibita
655 557 828 604 aequitate
860 556 1055 604 prudenter
1080 562 1293 605 temperent.
1347 558 1398 594 ΙΙ.
1421 555 1518 595 ’‘Anv
1545 559 1668 608 ὀρέξεως
1701 563 1764 602 νοῦς
1791 563 1806 595 ὅ

466 619 552 666 νόμος
573 620 657 656 ἔστί.
713 619 787 655 Lex
812 619 855 667 est
881 632 970 655 mens
984 620 1060 668 stne
1080 619 1272 670 cupiditate,
1298 630 1359 657 aut
1381 621 1630 671 perturbatione
1646 621 1741 667 ulla5
1770 630 1808 660 et

462 682 526 731 qui
554 682 668 731 legem
699 682 868 731 (quidam
898 682 957 718 hic
985 682 1111 732 legunt
1140 688 1204 720 νοῦν
1229 692 1402 728 mentem,
1421 684 1479 721 sed
1509 691 1610 722 vetus
1629 684 1806 734 scriptura

247 734 436 807 ξὲῖὲᾱὸῗῑο
461 745 567 781 habet
587 753 622 781 et
641 745 733 781 rec‘te
764 747 852 794 νόμον
880 746 1014 795 legem)
1037 746 1177 795 praeeffe
1205 748 1296 791 vult,
1315 747 1344 784 is
1364 748 1452 785 velle
1471 748 1623 791 videtur,
1643 755 1685 785 ut
1703 749 1805 787 Deua

356 799 364 808 ⁰
459 808 637 857 imperet5
666 808 731 858 qui
751 808 950 852 hominem,
967 808 1078 846 feram
1096 826 1105 853 ;
1135 822 1266 861 nempe
1283 811 1329 846 ob
1348 811 1515 860 pastiones
1533 818 1569 848 et
1588 812 1702 849 animi
1723 826 1803 849 mo-

456 878 515 909 tus
534 873 649 909 varios
680 872 812 921 quibus
841 873 950 909 homo
977 872 1071 909 affici
1094 872 1192 911 solet.
1249 874 1360 911 Quod
1379 887 1461 911 vero
1480 884 1737 924 argumentum
1765 883 1802 913 et

455 935 664 984 exemplum
693 934 863 985 superiori
891 935 1008 985 capite
1031 936 1181 972 allatum
1201 937 1262 979 est,
1280 950 1301 974 a
1320 926 1516 980 Medicina,
1535 937 1685 988 aliisque
1710 940 1798 975 arti-

454 1001 521 1035 bus
540 1000 708 1048 petitum,
729 1013 795 1049 pro
812 1013 893 1049 rege
911 1007 1036 1037 contra
1053 1001 1181 1050 legem,
1201 1002 1364 1052 praestare
1390 1001 1536 1046 scilicet,
1554 1010 1590 1039 et
1608 1002 1672 1039 effe
1691 1016 1799 1052 expe-

452 1063 564 1099 ditius
578 1061 759 1112 judicium
780 1070 816 1100 et
834 1063 1047 1100 sententiam
1077 1065 1306 1102 Medicorum
1326 1072 1362 1103 et
1379 1065 1557 1103 artificum
1577 1066 1644 1103 usu
1662 1067 1802 1116 perito-

452 1139 534 1163 rum
560 1135 595 1163 et
623 1134 868 1178 expertorum,
887 1141 998 1177 quarn
1019 1127 1222 1165 doetrinam
1252 1129 1409 1178 artisque
1436 1131 1530 1180 leges
1557 1137 1593 1167 et
1619 1137 1798 1181 praecepta

449 1189 564 1240 sequi,
582 1190 713 1228 falsum
733 1191 798 1228 effe
817 1192 892 1228 ait:
923 1205 1007 1228 cum
1035 1192 1201 1241 expediat
1227 1192 1344 1230 doetis
1371 1194 1439 1238 uti,
1468 1194 1531 1243 qui
1562 1195 1721 1231 maxime
1749 1195 1794 1232 ad

448 1252 566 1291 officia
597 1254 659 1291 sua
687 1255 816 1292 affeetu
847 1255 949 1292 nullo
975 1255 1168 1293 ducantur.
1222 1256 1361 1293 Medici
1392 1257 1490 1294 enim
1519 1270 1591 1294 non
1619 1258 1703 1295 odio
1729 1263 1794 1295 aut

447 1317 579 1366 gratia,
596 1317 654 1354 sed
678 1323 753 1354 arte
778 1323 814 1354 et
841 1317 1045 1367 prudentia,
1072 1324 1107 1354 et
1134 1319 1316 1355 honorarii
1345 1319 1451 1357 causa
1479 1320 1704 1357 Medicinam
1735 1320 1791 1357 fa-

446 1381 575 1418 ciunt:
604 1388 641 1418 at
660 1381 698 1418 in
719 1381 879 1418 Politicis
907 1382 1045 1418 multus
1072 1381 1120 1418 est
1147 1382 1287 1431 gratiae,
1306 1383 1403 1427 odio,
1424 1383 1500 1428 irae,
1520 1383 1713 1421 ambitioni
1738 1384 1792 1421 lo-

444 1456 522 1482 cus.
578 1444 691 1482 Quod
709 1445 732 1482 fi
754 1445 919 1481 Medicos
939 1445 1028 1495 aegri
1047 1445 1269 1495 suspicentur
1288 1447 1334 1482 ab
1351 1446 1512 1484 inimicis
1533 1448 1687 1497 pecunia
1712 1460 1791 1485 cor-

444 1515 583 1558 ruptos,
603 1508 683 1546 illos
711 1509 831 1546 statim
860 1509 949 1558 aegri
975 1509 1183 1554 dimittunt,
1210 1516 1245 1546 et
1271 1511 1459 1561 praeceptis
1478 1511 1579 1556 artis,
1599 1511 1656 1549 καὶ
1678 1515 1712 1549 ἔκ
1729 1516 1791 1549 ‘rin

442 1573 662 1624 γραμμάτων,
682 1579 717 1610 et
736 1587 779 1610 ex
799 1572 900 1610 libris
928 1573 996 1609 five
1024 1572 1176 1623 scriptis,
1202 1574 1320 1618 curari
1348 1575 1502 1612 malunt.
1556 1575 1687 1619 Addit,
1703 1576 1789 1613 Me-

439 1636 551 1679 dicos,
569 1649 652 1673 cum
680 1642 862 1686 aegrotant
882 1635 960 1685 ipfi,
980 1636 1070 1673 alios
1098 1637 1260 1673 Medicos
1289 1637 1473 1682 accersere,
1492 1639 1589 1688 quasi
1619 1639 1680 1676 fibi
1702 1637 1787 1688 jure

437 1699 664 1737 diffidentes:
696 1700 793 1749 quod
810 1699 955 1737 difficile
976 1701 1017 1736 fit
1046 1700 1083 1736 in
1111 1713 1147 1737 re
1173 1700 1234 1737 sua
1260 1714 1384 1739 verum
1403 1695 1612 1749 discernere,
1630 1710 1787 1755 apteque

229 1769 310 1799 suris
326 1770 428 1810 scripti
439 1777 480 1800 ac
496 1765 567 1801 fine
587 1764 744 1814 quadam
771 1763 886 1799 animi
914 1763 1196 1813 perturbatione,
1210 1763 1386 1814 judicare.
1441 1766 1524 1803 Hoc
1553 1766 1633 1804 loco
1655 1767 1784 1805 distin-

226 1814 429 1893 ἓξίἳγῖἓηξξὲξῖ
440 1828 521 1878 guit
537 1828 632 1878 leges
652 1828 688 1864 in
709 1828 869 1877 scriptas,
895 1833 931 1864 et
959 1841 1030 1864 non
1059 1828 1207 1878 scriptas
1222 1846 1232 1875 ;
1262 1837 1298 1866 et
1325 1831 1389 1866 has
1416 1830 1564 1880 quidem
1585 1843 1669 1880 quae
1694 1844 1782 1869 con-

228 1897 354 1927 Aristot.
374 1908 401 1930 1.
437 1891 624 1928 suetudine
651 1898 686 1928 et
713 1891 873 1927 moribus
901 1900 1052 1940 receptae
1079 1890 1175 1934 sunt,
1195 1898 1230 1928 et
1248 1905 1269 1928 a
1289 1891 1485 1942 majoribus
1509 1894 1652 1931 traditae
1674 1896 1783 1944 (quas

226 1938 355 1970 Rham·
436 1956 516 1993 ideo
548 1962 677 1992 vocant
709 1954 874 1991 nonnulli
903 1954 1133 2001 traditiones)
1165 1955 1216 1991 ait
1247 1955 1313 1992 effe
1348 1955 1494 2006 majoris
1527 1957 1780 2004 auetoritatis3

435 2020 568 2069 quibus
588 2019 667 2056 ideo
684 2018 933 2068 Magistratus,
952 2019 975 2054 fi
996 2031 1069 2055 non
1088 2019 1173 2063 illis,
1191 2020 1232 2055 sit
1251 2019 1409 2057 inferior.
1463 2021 1534 2058 111.
1554 2021 1638 2058 Plus
1658 2022 1782 2060 vident

434 2083 544 2125 oculi,
577 2095 688 2132 quam
720 2082 871 2118 oculus:
903 2082 1000 2131 Ergo
1030 2081 1149 2131 plures
1174 2083 1261 2119 boni
1288 2090 1323 2119 et
1349 2083 1442 2120 clare
1469 2083 1644 2128 videntes,
1668 2084 1705 2122 id
1732 2085 1782 2122 est

429 2148 639 2198 prudentes,
656 2160 731 2183 uno
750 2146 832 2183 sunt
853 2146 1027 2183 meliores.
1084 2146 1152 2183 IV.
1173 2146 1261 2183 Uno
1280 2146 1357 2183 viro
1374 2148 1480 2191 bono,
1499 2147 1572 2184 duo
1589 2148 1675 2184 boni
1696 2147 1779 2186 sunt

430 2213 607 2250 meliores.
662 2212 728 2248 Sed
748 2212 825 2247 haec
841 2211 914 2247 duo
939 2217 1153 2259 argumenta
1171 2218 1212 2247 ut
1231 2217 1267 2247 et
1285 2211 1475 2256 ultimum,
1493 2224 1559 2261 pro
1580 2211 1776 2249 Aristocra-

428 2276 481 2313 tia
505 2276 641 2326 potius,
660 2287 771 2324 quam
805 2287 871 2324 pro
899 2274 976 2324 lege
1003 2274 1251 2311 concludunt:
1282 2274 1346 2311 nifi
1373 2274 1536 2312 dicamus
1565 2275 1603 2312 in
1631 2275 1774 2326 supple-

428 2346 596 2377 mentum
614 2339 753 2388 legum,
772 2338 893 2387 plures
914 2338 1031 2375 adhuc
1057 2339 1170 2375 bonos
1198 2338 1434 2388 Magistratus
1454 2351 1527 2376 uno
1545 2338 1610 2376 effe
1627 2339 1775 2389 praesta-

426 2403 585 2452 biliores,
607 2402 670 2453 qui
691 2402 823 2439 scilicet
841 2402 972 2438 clarius
993 2400 1192 2451 meliusque
1218 2402 1313 2451 leges
1341 2402 1633 2452 interpretentur,
1660 2415 1773 2453 quam

217 2474 361 2514 Regnant
426 2481 532 2505 unus.
585 2467 756 2517 Denique
786 2466 861 2516 ipsa
887 2466 1063 2515 regnandi
1092 2466 1184 2502 ratio
1210 2479 1320 2516 quam
1350 2478 1447 2516 reges
1475 2465 1628 2510 servant,
1653 2466 1771 2503 mani-

215 2516 400 2590 {izficffffiiio
423 2532 507 2569 feste
536 2532 665 2582 probat
687 2525 937 2568 'Aristocratiae
967 2529 1226 2579 praestantiam,
1256 2529 1332 2566 imo
1358 2536 1395 2567 et
1422 2529 1684 2566 neceffitatem:
1716 2529 1771 2567 illi

214 2602 350 2642 pruden-
423 2596 522 2634 enim
550 2596 690 2641 amicos,
704 2594 781 2631 suos
800 2594 941 2631 faciunt
959 2593 1103 2643 imperii
1121 2592 1174 2630 sui
1194 2592 1318 2638 socios,
1339 2593 1428 2630 dum
1448 2606 1570 2630 eorum
1590 2593 1770 2638 doerrina,

215 2651 295 2676 ‘’⁴¹¹¹'‘
422 2659 629 2710 prudentia,
650 2665 686 2695 et
704 2657 851 2695 confilio
867 2662 1023 2696 utuntur
1049 2656 1086 2693 in
1116 2657 1219 2693 rebus
1245 2656 1434 2706 gerendis3
1464 2657 1517 2693 At
1536 2655 1646 2692 amici
1665 2669 1768 2706 parea

423 2723 506 2769 sunt
533 2729 569 2760 et
597 2723 739 2761 ssmiles.
793 2723 892 2772 Ergo
918 2735 1002 2761 cum
1033 2734 1132 2771 reges
1160 2721 1307 2758 credant
1333 2726 1495 2771 oportere
1523 2719 1659 2757 amicos
1688 2719 1768 2757 suos

421 2786 541 2840 secum
561 2786 700 2840 praeeffe
719 2793 754 2823 et
773 2798 927 2839 regnum
953 2783 1211 2828 administrare,
1229 2790 1271 2822 ut
1290 2796 1410 2823 revera
1428 2782 1483 2829 fit,
1503 2796 1545 2821 eo
1563 2783 1640 2834 ipso
1656 2782 1765 2833 figni-
