1904 3308
469 184 536 232 xlii
862 187 1109 244 SYNQPSIS
1135 187 1465 245 ANALYTgcA.

258 294 375 334 Legem
395 295 457 334 regi
470 291 642 338 tionibus,
660 295 841 346 omnique·
861 304 959 334 caret
985 297 1128 341 affeetu,
1157 305 1199 336 ut
1224 299 1289 353 ira,
1317 298 1482 343 avaritia,
1501 297 1622 338 favore
1633 316 1646 347 3
1676 299 1730 337 At
1748 301 1819 339 hu·

257 339 422 411 Εξῐὲῗηη·
469 367 600 410 manus
629 356 775 414 animus
802 361 1023 409 pathematis
1048 370 1084 398 et
1113 357 1299 399 affeetibus
1316 362 1495 399 obnoxius
1522 363 1583 407 est,
1603 362 1655 399 ita
1682 369 1724 399 ut
1751 361 1817 412 qui

468 418 621 468 legibu5‚
642 420 671 457 is
688 421 770 458 Deo
779 438 791 469 3
821 423 885 473 qui
915 425 1068 468 homiui,
1097 425 1129 466 is,
1155 426 1282 462 belluae
1310 426 1430 462 tradat
1456 426 1666 476 imperium,
1692 427 1818 475 inquit

466 493 548 531 cap.
573 492 632 533 17.
661 483 770 533 hujus
789 485 852 523 lib.
872 494 907 523 et
931 488 1037 524 initio
1055 488 1080 524 l.
1100 489 1124 525 i.
1146 490 1297 526 Rhetor.
1340 489 1460 526 Satius
1488 502 1574 539 ergo
1604 490 1653 526 est
1678 490 1814 540 Legem

257 550 444 600 Imqrexhet
468 539 580 595 quam
611 548 753 598 Regem
788 551 977 600 imperare.
1032 553 1168 590 Statuit
1192 565 1289 596 vero,
1318 559 1354 589 et
1382 553 1517 602 Legem
1546 559 1582 590 et
1608 540 1748 603 Regem
1778 555 1819 590 in

253 593 410 667 ἑῑῖἐὲἒὸι
466 612 560 648 bona
586 613 789 663 Republica
807 615 911 652 simul
930 615 995 652 effe
1012 617 1148 661 debere,
1169 617 1268 654 illam
1289 617 1438 667 quidem
1466 624 1615 668 propter
1632 618 1817 655 universa-

465 674 528 719 lia,
546 682 582 712 et
598 689 641 713 ea
660 692 742 727 quae
767 680 909 716 decerni
933 681 1076 730 potsunt
1092 696 1102 724 ς
1131 683 1228 718 hunc
1255 695 1338 719 vero
1357 682 1425 719 five
1444 683 1711 732 magistratum,
1730 696 1823 733 pro--

463 747 545 787 pter
562 740 795 794 particulares
812 750 1028 799 eventus-,et
1044 758 1086 782 ea
1103 745 1228 782 omnia
1247 759 1330 794 quae
1347 745 1425 794 lege
1446 746 1690 795 nonppoffunt
1710 746 1817 784 facile

462 801 617 839 definiri.
673 805 820 843 Quaerit
844 814 966 845 autem
988 821 1034 846 an
1053 809 1133 854 uni,
1155 822 1201 846 an
1222 808 1361 857 multis,
1379 821 1504 845 eorum
1532 823 1615 859 quae
1643 810 1722 860 lege
1750 823 1814 847 ne-

463 874 603 915 queunt
620 868 776 915 definiri,
794 872 1007 920 gubernatio
1020 879 1056 909 et
1076 873 1271 922 imperium
1291 873 1457 922 permitti
1476 873 1625 917 debeat;
1653 873 1816 923 Respon-

461 933 522 970 det
548 933 674 971 debere
700 934 823 983 potius
850 935 977 972 multis
1005 936 1182 985 permitti,
1202 949 1314 986 quam
1339 937 1416 973 uni.
1473 937 1506 973 Ι.
1528 936 1629 973 Quia
1648 937 1691 972 de
1711 937 1815 973 rebus

462 997 613 1046 singulis
640 997 770 1034 melius
800 998 908 1035 multi
927 998 1108 1047 judicant,
1128 1013 1240 1049 quam
1260 1012 1366 1037 unus.
1422 999 1476 1037 Ut
1503 999 1724 1050 splendidius
1751 999 1817 1037 effe

461 1062 612 1110 epulum
632 1061 718 1098 solet
737 1062 773 1098 in
795 1063 893 1111 quod
912 1063 1019 1100 multi
1038 1063 1239 1113 symbolam
1256 1064 1505 1110 contulerunt,
1520 1070 1562 1100 ut
1579 1064 1674 1100 dixit
1691 1066 1812 1114 supra.

247 1107 394 1179 figphp·
459 1123 510 1159 Π.
533 1123 636 1160 Quia
655 1125 764 1161 multi
773 1124 914 1174 judices
935 1139 1007 1163 non
1027 1128 1114 1164 adeo
1133 1127 1237 1164 facile
1256 1134 1540 1177 corrumpuntur
1558 1139 1601 1164 ac
1616 1140 1713 1164 unus
1727 1142 1738 1173 3
1767 1133 1812 1164 ut

247 1190 338 1221 Polit.
459 1200 576 1237 neque
595 1201 772 1238 magnum
792 1189 931 1227 flumen
951 1198 1015 1228 aut
1033 1204 1129 1241 aqua
1147 1191 1265 1228 multa
1283 1198 1359 1228 tam
1379 1191 1452 1228 cito
1470 1190 1732 1241 corrumpitur,
1751 1196 1812 1228 at-

246 1243 426 1318 }ggliigrssm
458 1265 529 1302 que
544 1265 673 1302 pauca.
727 1254 800 1290 ΙΙΙ.
821 1255 923 1291 Quia
941 1255 1049 1292 unius
1062 1254 1204 1304 judicio
1222 1256 1442 1306 perturbato,
1463 1255 1531 1292 five
1558 1255 1622 1299 ira,
1643 1256 1712 1292 five
1737 1255 1812 1292 alia

394 1309 402 1318 '
457 1316 616 1366 quadam
637 1316 802 1366 pastione,
825 1317 930 1356 facile
944 1317 1126 1368 judicium
1154 1321 1423 1370 corrumpitur:
1454 1325 1492 1356 at
1511 1319 1548 1356 in
1569 1319 1808 1357 multitudine

455 1380 518 1417 vix
546 1381 728 1431 contingit
753 1395 879 1419 omnes
906 1383 1014 1421 iratos
1042 1383 1120 1428 effe,
1138 1390 1201 1421 aut
1228 1396 1387 1434 peccare.
1441 1384 1513 1421 His
1532 1383 1704 1433 expositis
1721 1396 1811 1420 con-r

453 1443 524 1481 fert
542 1444 718 1494 Regnum
740 1458 824 1483 cum
846 1446 1088 1490 Aristocratia‚
1115 1454 1151 1484 et
1177 1461 1276 1485 nunc
1301 1447 1411 1484 unius
1438 1447 1508 1484 viri
1535 1446 1622 1483 boni
1652 1452 1689 1483 et
1717 1446 1810 1484 civis

453 1507 541 1544 boni
562 1508 773 1558 imperium,
793 1510 956 1559 plurium
971 1512 1149 1548 bonorum
1171 1511 1324 1562 imperio
1337 1511 1537 1560 anteponit,
1558 1511 1656 1560 quod
1671 1498 1807 1547 scilicet

453 1585 550 1609 unus
565 1573 607 1609 fit
626 1574 878 1618 ἀστασίαστος,
892 1580 927 1611 et
942 1587 962 1611 a
976 1574 1008 1612 se
1023 1574 1202 1612 diffentire
1218 1581 1373 1624 nequeat
1380 1592 1392 1622 5
1413 1575 1534 1625 plures
1552 1587 1636 1611 vero
1654 1574 1808 1612 maesni-

455 1634 553 1686 ζωσι,
573 1635 772 1680 diffidant,
790 1643 826 1673 et
845 1636 1078 1675 seditionibus
1103 1638 1206 1675 facile
1233 1638 1514 1676 conflie'oentur:
1546 1650 1645 1674 nunc
1663 1637 1804 1674 Aristo-

454 1699 608 1736 cratiam
631 1712 742 1749 regno
762 1700 919 1750 praefert,
940 1701 1198 1751 respondetque
1217 1702 1311 1740 viros
1337 1703 1449 1739 bonos
1476 1701 1561 1738 licet
1588 1701 1722 1750 plures,
1742 1699 1809 1737 effe

453 1768 576 1799 tamen
597 1762 635 1799 in
655 1764 757 1799 rebus
775 1763 879 1800 bonis
898 1765 1088 1802 concordes
1102 1780 1112 1811 ;
1142 1778 1226 1802 cum
1256 1765 1382 1802 animo
1400 1765 1468 1801 smt
1496 1763 1638 1813 integro
1656 1776 1698 1800 ac
1716 1764 1807 1800 bene

453 1826 593 1870 affleto,
613 1832 720 1876 atque
740 1828 828 1864 adeo
845 1827 910 1864 effe
938 1828 1048 1866 instar
1074 1828 1171 1866 illius
1195 1828 1327 1874 unius;
1356 1829 1452 1866 unde
1470 1827 1654 1865 concludit
1674 1826 1806 1871 civita-

453 1891 552 1927 tibus
569 1890 821 1940 optabiliorem
842 1891 908 1928 effe
928 1893 1202 1932 Aristocratiam
1223 1894 1364 1942 Regno.
1421 1893 1533 1930 Quod
1549 1891 1660 1928 etiam
1679 1887 1831 1941 colligi·

286 2001 293 2008 .
349 2001 356 2008 .
452 1955 566 2005 potest
583 1967 627 1991 ex
645 1962 729 1991 ante
745 1955 866 2000 dietis,
883 1956 946 1992 ubi
964 1957 1087 1993 docuit
1107 1956 1242 1993 multos
1262 1957 1383 1994 minus
1410 1956 1475 1992 effe
1501 1954 1714 2004 corruptelis
1737 1956 1806 1991 ob-

239 2002 409 2082 ἓζὲᾗῖὲῃῐζ
451 2018 592 2062 noxios,
611 2032 721 2067 quam
741 2032 872 2056 unum.
928 2020 1055 2069 Atque
1075 2019 1160 2056 hinc
1180 2019 1289 2056 infert
1307 2031 1458 2069 regnum
1479 2017 1581 2055 fuiffe
1600 2016 1804 2066 antiquiffi-

240 2066 410 2134 efferum-⁹
452 2094 556 2118 mum
582 2082 728 2131 imperii
754 2095 867 2132 genus
882 2098 892 2128 3
922 2096 1008 2120 cum
1035 2083 1178 2120 facilius
1204 2082 1315 2120 fuerit
1341 2095 1457 2119 unum
1484 2082 1638 2125 bonum,
1659 2080 1801 2130 sapien·

240 2129 383 2202 fflsslffca‘
450 2150 525 2182 tem
546 2151 581 2182 et
601 2145 817 2190 beneficum,
836 2159 948 2195 quam
978 2146 1112 2183 multos
1139 2147 1299 2196 optimos
1325 2146 1431 2183 initio
1450 2145 1625 2196 reperire3
1657 2144 1805 2194 praeser-

450 2209 521 2245 tim
540 2222 623 2245 cum
643 2222 772 2258 parvas
791 2210 895 2246 urbes
915 2210 951 2246 in
974 2210 1107 2260 quibus
1136 2211 1255 2259 plures
1279 2209 1412 2260 optimi
1439 2215 1475 2246 et
1502 2208 1714 2246 excellentes
1738 2208 1805 2245 effe

450 2286 524 2309 non
545 2279 726 2323 poterant,
745 2273 833 2310 olim
860 2273 1026 2311 homines
1055 2273 1263 2311 incolerent.
1318 2274 1386 2310 Sed
1415 2285 1515 2319 cum!
1529 2271 1638 2309 multi
1665 2273 1802 2309 virtute

447 2343 482 2374 et
502 2336 678 2387 sapientia
697 2350 800 2387 pares
818 2337 999 2388 paulatim
1019 2338 1221 2382 existerent,
1240 2337 1414 2386 urbesque
1441 2336 1566 2374 fierent
1584 2335 1794 2386 ampliores,

448 2401 638 2450 repudiato
663 2401 773 2438 unius
801 2401 971 2452 imperio,
988 2402 1056 2438 five
1083 2414 1208 2451 regno,
1229 2414 1425 2438 commune
1451 2401 1574 2451 potius
1601 2399 1798 2450 imperium
1845 2402 1850 2405 '

447 2465 617 2502 adamare
647 2471 839 2514 coeperunt
868 2472 903 2502 et
933 2471 1133 2502 mutuum:
1165 2478 1248 2514 quae
1276 2463 1535 2508 Aristocratiae,
1566 2470 1602 2500 et
1633 2463 1800 2512 Reipub-

447 2528 528 2566 licae
545 2528 594 2565 est
610 2528 726 2578 origo.
780 2530 906 2579 Atque
936 2528 974 2565 hi
1000 2529 1134 2566 virtute
1162 2541 1264 2578 pares
1282 2534 1318 2565 et
1336 2528 1443 2578 pauci
1469 2540 1553 2564 cum
1581 2526 1800 2571 defecissent,

238 2592 391 2634 Obturpe
447 2599 484 2628 et
514 2593 559 2629 ad
584 2592 732 2629 divitias
760 2580 930 2629 animum
957 2592 1222 2637 convertiffent,
1253 2591 1505 2643 Oligarchiam
1535 2589 1575 2628 δι’
1598 2593 1797 2643 αἰσχροκέρ-

235 2634 382 2669 '‘mmm‘'
448 2654 551 2701 ὃειαν,
572 2657 818 2699 induxerunt3
849 2670 868 2693 e
895 2669 969 2706 qua
994 2657 1179 2707 Tyrannis
1203 2662 1290 2694 nata
1316 2656 1376 2700 est,
1396 2669 1470 2693 uno
1493 2654 1628 2692 scilicet
1653 2666 1696 2691 ex
1725 2654 1797 2692 iilis
1848 2660 1876 2695 δ’

447 2720 573 2770 paucis
589 2721 745 2771 reliquos
763 2722 1005 2771 opprimente,
1024 2727 1060 2757 et
1087 2721 1283 2771 imperium
1312 2720 1516 2757 invadente.
1571 2718 1685 2755 Quod
1703 2717 1794 2755 olim

447 2785 580 2823 Romae
597 2785 681 2823 fecit
698 2785 820 2837 Julius
838 2785 972 2831 Caesar,
991 2784 1186 2836 Dionyfius
1213 2783 1406 2835 Syracufis,
1432 2790 1469 2821 et
1492 2782 1555 2820 alii
1580 2774 1681 2820 alibi.
1734 2781 1792 2823 Ex
