1904 3308
473 514 1159 584 ARISTOTELIS

342 686 913 750 POLITICORUM
956 687 1278 744 CAPITA.

640 1004 788 1045 LIBRI
814 1001 984 1043 PRIMI.

157 1062 574 1136 1.PROOEM1UM
606 1097 803 1135 Politicum
836 1096 882 1134 de
913 1091 1076 1153 subjecto
1105 1098 1143 1132 et
1177 1090 1288 1131 modo
1319 1092 1499 1133 doctrina

286 1153 450 1190 Politicae

154 1218 190 1244 2.
220 1206 397 1244 Civitatis
415 1205 623 1248 materiam,
642 1204 761 1256 ipsam
780 1203 917 1242 scilicet
934 1176 1146 1240 societatem
1164 1201 1399 1240 domesticam
1403 1159 1496 1253 ‚3g7e7

284 1260 440 1298 neratim
461 1260 636 1311 proponit
1416 1257 1496 1307 378
1513 1305 1516 1308 y

150 1327 190 1364 3.
221 1314 411 1352 societatis
427 1314 634 1351 ‹lomesticae
650 1312 844 1364 specialem
863 1311 1131 1350 enarrationem
1151 1309 1311 1348 instituit
1416 1311 1492 1360 381

149 1382 190 1416 4.
219 1368 278 1406 De
298 1368 401 1405 herili
423 1367 590 1405 societate
617 1367 817 1423 domestica
842 1367 965 1427 primo
985 1366 1077 1416 agit,
1094 1372 1132 1402 et
1148 1364 1193 1402 de
1210 1364 1312 1403 strvo
1329 1370 1366 1402 et
1385 1362 1498 1403 servi-

284 1429 363 1460 tute
382 1421 585 1472 generatim
606 1420 789 1472 disputat
1418 1420 1496 1469 382

152 1484 190 1526 5.
219 1474 279 1513 De
297 1476 469 1514 tervitute
488 1476 647 1513 naturali
666 1473 803 1512 differit
1417 1474 1499 1522 384

149 1530 189 1568 6.
219 1530 277 1566 De
296 1529 468 1567 servitute
486 1529 656 1580 legitima
672 1528 837 1579 disputat
1417 1527 1498 1575 386

152 1593 189 1634 7.
217 1583 275 1621 De
311 1584 455 1621 domini
490 1591 527 1621 et
562 1582 654 1621 servi
690 1582 825 1629 forma,
861 1592 938 1634 quo
974 1580 1022 1620 ad
1056 1580 1248 1619 scientiam
1292 1581 1498 1632 utriusque,

287 1651 308 1675 a
338 1638 368 1675 it
1448 1636 1499 1674 88

151 1691 188 1729 8.
218 1691 276 1729 De
301 1651 522 1742 qguaestuaria
549 1691 709 1737 aeturus,
729 1691 892 1742 primam
918 1689 998 1741 ejus
1023 1689 1198 1761 speciem,
1206 1699 1302 1742 quae
1320 1649 1501 1729 natur321is

284 1746 334 1783 eft
352 1747 528 1796 explanat
1418 1746 1498 1795 389

149 1810 189 1850 9.
217 1799 424 1837 Secundam
458 1799 688 1851 quaestuariae
722 1799 894 1851 speciem,
927 1808 1012 1850 quae
1043 1772 1246 1836 artificialis
1278 1799 1342 1845 est,
1379 1801 1498 1850 expli-

284 1860 345 1891 cat
1418 1866 1498 1904 392

91 1908 93 1910 ’
127 1918 190 1945 10.
221 1907 358 1945 Utrum
379 1907 598 1957 quaestuaria
618 1908 664 1946 ad
684 1905 932 1945 oeconomiam
953 1905 1148 1957 pertineat,
1167 1905 1332 1945 elucidat
1418 1908 1500 1958 396

128 1973 189 1999 11.
220 1961 464 1999 Quaestuariae
490 1962 632 1999 theoria
658 1961 854 2013 explicata,
872 1961 917 1999 de
944 1961 990 1999 iis
1018 1975 1104 2012 quae
1124 1961 1168 1998 ad
1185 1962 1319 2012 praxin
1338 1960 1500 2013 ejusdem

285 2015 619 2066 faciunt,disputat
1418 2029 1497 2067 397

131 2079 191 2106 12.
219 2068 278 2107 De
307 2069 459 2120 reliquis
488 2071 630 2107 duabus
661 2068 901 2107 societatibus
913 2068 1134 2114 domesticis,
1149 2067 1340 2120 conjugali
1366 2076 1404 2107 et
1430 2084 1498 2121 pa-

284 2124 366 2166 tria,
386 2124 466 2173 agit
1416 2137 1497 2174 400

127 2186 187 2224 13.
217 2175 353 2214 Forma
384 2176 600 2215 societatum
624 2177 920 2221 domesticarum,
949 2176 1070 2215 virtus
1095 2176 1232 2215 scilicet
1258 2179 1505 2224 oeconomica,·

283 2231 490 2269 declaratur
1419 2246 1498 2283 401

600 2318 745 2356 LIBRI
774 2317 1026 2357 SECUNDI.

155 2402 190 2434 1.
219 2394 279 2432 De
309 2394 472 2432 civitatis
504 2393 623 2431 forma
657 2395 718 2443 (de
753 2393 830 2445 ipsa
860 2394 994 2432 scilicet
1025 2394 1303 2443 constitutione)
1337 2397 1501 2443 acturus,

286 2449 442 2486 aliorum
465 2449 656 2499 opiniones
680 2449 724 2486 de
753 2449 962 2510 reipublicae
981 2449 1130 2500 optima
1143 2450 1404 2490 constitutione
1423 2453 1502 2503 pri-

286 2516 391 2540 mum
414 2503 652 2552 explicandas
671 2503 846 2552 proponit
1422 2517 1500 2569 40⁵

155 2567 192 2594 2.
220 2555 450 2606 Opinionem
472 2557 635 2594 Platonis
662 2557 706 2593 de
734 2556 946 2608 reipublicae
965 2557 1110 2607 optima
1129 2559 1403 2605 constitutione,
1422 2563 1501 2612 pri-

286 2624 388 2647 mam
421 2610 524 2647 libris
551 2611 677 2648 decem
707 2611 1007 2661 comprehensam
1036 2612 1254 2650 examinat.
1285 2621 1322 2651 et
1341 2628 1502 2653 uxorum

284 2671 321 2701 et
338 2664 536 2701 liberorum
553 2665 876 2708 communitatem,
904 2678 970 2716 per
997 2679 1110 2716 quam
1131 2667 1296 2705 civitatis
1324 2669 1506 2707 unionem

287 2718 516 2755 introducere
533 2720 749 2764 conabatur,
764 2731 875 2769 per
846 2719 875 2757 ἴ
878 2736 1003 2757 arao-n
1022 2720 1224 2770 impugnat
1423 2725 1505 2772 406

151 2784 192 2820 3
221 2771 387 2809 Eandem
409 2785 473 2822 per
491 2774 532 2809 ἄν
519 2773 799 2824 ντιπαράστασιι
814 2779 964 2810 enervat
1421 2779 1502 2826 408

152 2840 192 2875 4.
220 2825 348 2864 Multa
367 2826 514 2876 insuper
533 2826 605 2863 alia
625 2826 862 2866 incommoda
887 2827 1193 2867 communionem
1221 2842 1380 2868 uxorum
1400 2840 1437 2868 et
1459 2833 1504 2869 li-

285 2881 456 2918 berorum
478 2879 592 2931 sequi,
610 2880 768 2918 ostendit
1423 2898 1503 2934 410
