1904 3308
327 170 716 217 POLI'TIOORUM.
731 169 1093 215 ARISTOTELIS.
1121 172 1213 212 vn.
1246 179 1280 212 ι’.
1388 172 1496 213 lxxix

108 287 363 331 consentanei.
417 287 573 339 Quippe
590 299 678 325 cum
705 286 745 325 in
773 284 819 324 iis
845 289 996 323 tantum
1018 282 1234 322 civitatibus
1251 284 1500 336 reperiantur.»

118 371 204 408 quae
222 355 400 394 beatiores
420 353 519 399 sunt,
535 359 573 392 et
591 351 743 403 majoris
759 357 911 390 ornatus
930 362 973 388 ac
991 349 1200 392 honestatis,
1218 353 1277 393 τῆς
1298 353 1493 401 ιῦκοσμίας,

88 410 90 412 ¹
118 423 401 476 appetentiores.
440 421 536 461 'Ubi
552 420 718 459 observat
735 418 948 458 Aristoteles
975 419 1243 468 yvmixovopioer,
1262 417 1321 455 καὶ
1340 417 1493 456 παιδονό-

118 492 217 539 μίαν,
251 501 327 526 non
361 486 428 525 effe
459 485 759 526 Democraticas:
788 496 922 535 nempe
952 483 1043 534 quia
1071 482 1111 520 in
1143 483 1399 528 Democratia,
1425 483 1496 521 ubi

119 554 302 591 tenuiores
337 552 538 603 imperant,
569 550 639 588 viri
670 549 844 588 uxoribus
876 548 1071 599 liberisque
1098 553 1270 592 utuntur,
1286 554 1331 585 ut
1357 547 1492 598 servis5

119 631 239 669 neque
259 618 305 655 iis
322 630 400 668 prae
417 616 571 667 egestate
588 615 676 653 licet
692 626 825 652 uxores
842 612 1019 663 natosque
1038 625 1184 651 morum
1211 613 1409 663 magistris,
1427 618 1494 651 aut

119 682 406 735 praeceptoribus
437 682 578 719 tradere
607 679 860 719 instituendos.
915 678 1118 717 Concludit
1144 692 1190 716 ex
1219 678 1494 728 magistratibus

121 747 232 798 supra
250 745 548 784 commemoratis
575 743 878 795 Nomophylaces
905 743 1056 794 quidem
1076 742 1325 780 Aristocratiae
1351 743 1390 780 in
1419 757 1496 793 qua

120 813 180 851 lex
199 811 302 861 viget
319 817 356 848 et
374 811 504 855 virtus,
524 809 589 847 effe
608 809 906 847 accommodatos
919 825 931 856 5
961 807 1138 846 Consules
1165 815 1288 846 autem
1314 809 1384 846 slve
1412 825 1495 860 προ·

118 877 273 921 βούλους,
297 874 526 926 Oligarchiae
540 891 551 921 ς
582 873 790 912 confilium
816 881 940 911 autem
969 873 1175 924 publicum,
1205 874 1275 912 five
1304 874 1496 923 Senatum,

120 940 249 978 Graece
276 938 411 985 βουλὴν,
429 939 689 980 Democratiae.
749 938 882 991 Sicque
906 938 1048 979 claudit
1073 938 1276 978 tractatum
1300 939 1346 978 de
1373 939 1495 992 magi·

122 1004 311 1043 stratibus.

698 1165 905 1194 σι*

375 1292 536 1336 LIBER
562 1290 819 1336 SEPTIMUS
844 1295 1239 1340 POLITIGORUM.

130 1369 410 1445 CONSTAT
443 1407 629 1458 capitibus
663 1406 920 1459 septemdecim
957 1406 1005 1445 ad
1040 1413 1164 1459 partes
1199 1407 1293 1446 duas
1328 1406 1500 1451 τεδεᾶἱσ.

127 1472 232 1509 Prior
249 1471 299 1509 est
315 1472 430 1510 veluti
454 1473 679 1523 prooemium
707 1485 730 1510 a
754 1484 837 1523 cap.
861 1484 896 1511 1.
916 1472 961 1510 ad
979 1485 1020 1522 4.
1038 1473 1103 1510 ubi
1118 1473 1163 1510 de
1182 1473 1410 1524 Reipublicae
1423 1487 1497 1525 pop·

125 1536 222 1574 timo
238 1537 344 1583 statu,
362 1544 474 1589 atque
492 1538 582 1576 adeo
597 1539 644 1576 de
661 1538 739 1576 vita
754 1539 912 1590 optima,
938 1545 1016 1576 tam
1044 1539 1220 1585 civitatis,
1239 1553 1353 1591 quam
1373 1541 1498 1591 fingu-

124 1601 263 1639 lorum.
317 1602 493 1640 Posterior
508 1603 558 1640 est
575 1603 654 1655 ipsa
670 1602 856 1649 uastatio,
873 1617 958 1654 quae
975 1603 1090 1641 etiam
1118 1604 1158 1642 in
1185 1605 1275 1642 duas
1294 1611 1414 1655 partes
1438 1606 1495 1643 di·
1509 1615 1646 1646 Summa
1659 1614 1700 1647 15.

125 1665 264 1716 stingui
284 1667 413 1717 potest.
468 1667 529 1706 Ita
546 1674 590 1705 ut
605 1668 708 1719 prior
732 1667 910 1719 quasdam
938 1669 1154 1720 hypotheses
1172 1670 1242 1708 {ive
1260 1671 1445 1722 principia
1461 1677 1499 1710 et
1509 1659 1556 1690 bf*
1576 1659 1713 1701 septimi.

127 1730 373 1769 fundamenta
400 1733 632 1783 Reipublicae
663 1733 874 1771 Aristoteles
898 1731 1028 1784 jaciat,
1059 1735 1290 1785 explicetque
1311 1749 1332 1773 a
1356 1749 1438 1787 cap.
1458 1749 1499 1785 4.

127 1795 244 1847 usque
271 1797 317 1834 ad
340 1808 402 1845 13.
455 1797 634 1836 Posterior
658 1810 746 1835 vero
775 1797 893 1849 ipsam
922 1798 1182 1837 Aristoteleam
1211 1800 1501 1852 Rempublicam

127 1861 376 1911 aggrediatur,
409 1863 457 1899 ab
488 1862 718 1902 institutione
743 1863 896 1907 civium,
922 1877 945 1902 a
972 1864 1224 1910 matrimonio,
1252 1879 1274 1904 a
1301 1879 1501 1918 puerorum

126 1926 357 1971 educatione,
377 1926 488 1976 idque
506 1940 528 1964 a
548 1940 630 1978 cap.
655 1939 715 1976 13.
735 1926 846 1977 hujus
863 1928 948 1965 libri
967 1929 1013 1966 ad
1031 1928 1142 1967 finem
1161 1930 1296 1976 octavi,
1314 1930 1502 1983 totiusque

125 1990 258 2040 operis.
312 1990 370 2027 Ex
403 2004 479 2041 quo
510 1990 618 2029 facile
645 1991 897 2043 unusquisque
924 1993 1128 2045 inteuigere
1154 1996 1291 2046 poterit
1319 1996 1500 2047 majorem

127 2054 202 2092 sere
230 2061 268 2093 et
295 2055 581 2105 praestantiorem
615 2057 780 2094 Politicae
808 2058 1061 2109 Peripateticae
1091 2065 1236 2110 partem
1256 2056 1502 2102 intercidisse.

130 2121 233 2158 Quae
259 2119 397 2157 scilicet
427 2120 466 2158 in
497 2121 668 2171 pueritia,
694 2127 732 2160 et
757 2122 885 2160 studiis
911 2120 1183 2162 adolescentum
1202 2125 1363 2172 deficiat,
1382 2140 1502 2178 neque

129 2185 284 2223 ulterius
316 2186 583 2237 progrediatur.
650 2187 750 2225 Quae
774 2187 895 2226 caussa
921 2188 1129 2240 Kyriacum
1158 2191 1348 2230 Strozzam
1377 2194 1503 2235 virum

128 2249 364 2288 elariffimum
383 2257 420 2288 et
438 2264 552 2301 quam
571 2250 815 2290 dofflffimum
843 2253 1009 2303 impulit,
1037 2261 1080 2292 ut
1105 2256 1197 2293 duos
1224 2256 1335 2295 libros
1353 2258 1398 2295 de
1416 2258 1503 2295 reli·

130 2313 240 2363 gione
269 2321 307 2352 et
334 2327 372 2351 re
402 2314 560 2353 militari
583 2315 642 2353 his
669 2315 755 2354 octo
786 2315 1026 2358 Aristotelicis
1054 2319 1265 2360 annefteret
1292 2322 1332 2362 in
1356 2321 1504 2374 supple-

135 2383 321 2416 mentum.

651 2486 717 2530 Ad
735 2486 822 2541 Cap.
833 2489 995 2542 primum.

188 2571 368 2610 Dicturus
402 2572 573 2625 deinceps
607 2574 652 2613 de
688 2588 731 2613 ea
764 2576 998 2628 Reipublicae
1031 2578 1262 2618 institutione
1296 2585 1334 2618 et
1370 2580 1504 2627 forma,

130 2649 250 2686 quam
282 2636 359 2687 ipse
388 2636 454 2675 suo
482 2635 627 2687 judicio
659 2638 843 2690 optimam
874 2647 996 2692 putat,
1030 2644 1158 2693 (putat
1190 2652 1315 2682 autem
1350 2646 1417 2684 esse
1446 2647 1504 2691 vel

136 2714 307 2751 regnum,
328 2702 367 2739 in
385 2716 461 2753 quo
479 2716 576 2741 unus
593 2705 699 2742 omni
717 2718 848 2756 genere
866 2707 1049 2745 virtutum
1069 2709 1151 2746 aliis
1169 2710 1311 2747 civibus
1330 2710 1504 2763 superior,

132 2778 202 2816 pro
228 2765 411 2816 dignitate
437 2774 475 2805 et
504 2769 638 2806 merito
666 2770 892 2815 dominetur,
921 2773 966 2810 de
1000 2786 1075 2823 quo
1101 2773 1167 2811 lib.
1194 2774 1248 2813 iii.
1280 2776 1337 2813 vel
1363 2778 1506 2828 potius,

132 2830 224 2880 quia
240 2831 314 2869 tale
333 2844 488 2883 regnum
508 2833 726 2873 rariffimum
745 2835 807 2882 est,
826 2836 1108 2876 Aristocratiam
1127 2839 1197 2876 five
1216 2839 1423 2890 imperium
1435 2855 1504 2892 op,-
