<?xml version="1.0" encoding="UTF-8"?>
<!DOCTYPE html PUBLIC "-//W3C//DTD XHTML 1.0 Transitional//EN"
    "http://www.w3.org/TR/xhtml1/DTD/xhtml1-transitional.dtd">
<html xmlns="http://www.w3.org/1999/xhtml" xml:lang="en" lang="en">
 <head>
  <title>
</title>
<meta http-equiv="Content-Type" content="text/html;charset=utf-8" />
  <meta name='ocr-system' content='tesseract 3.04.00' />
  <meta name='ocr-capabilities' content='ocr_page ocr_carea ocr_par ocr_line ocrx_word'/>
</head>
<body>
  <div class='ocr_page' id='page_1' title='image "./politicagreeklat01arisuoft_0063.png"; bbox 0 0 1904 3308; ppageno 0'>
   <div class='ocr_carea' id='block_1_1' title="bbox 295 169 1501 224">
    <p class='ocr_par' dir='ltr' id='par_1_1' title="bbox 295 169 1501 224">
     <span class='ocr_line' id='line_1_1' title="bbox 295 169 1501 224; baseline -0.011 -5"><span class='ocrx_word' id='word_1_1' title='bbox 295 177 677 219; x_wconf 88' lang='lat' dir='ltr'>POLITICORUM</span> <span class='ocrx_word' id='word_1_2' title='bbox 703 173 1063 214; x_wconf 84' lang='lat' dir='ltr'>ARISTOTELIS.</span> <span class='ocrx_word' id='word_1_3' title='bbox 1091 173 1164 212; x_wconf 88' lang='lat' dir='ltr'>IV.</span> <span class='ocrx_word' id='word_1_4' title='bbox 1192 180 1231 224; x_wconf 79' lang='lat'>5,</span> <span class='ocrx_word' id='word_1_5' title='bbox 1262 171 1302 210; x_wconf 92' lang='lat'>6.</span> <span class='ocrx_word' id='word_1_6' title='bbox 1420 169 1501 207; x_wconf 81' lang='lat' dir='ltr'>xlix</span> 
     </span>
    </p>
   </div>
   <div class='ocr_carea' id='block_1_2' title="bbox 118 279 1509 1444">
    <p class='ocr_par' dir='ltr' id='par_1_2' title="bbox 118 279 1509 1444">
     <span class='ocr_line' id='line_1_2' title="bbox 118 279 1503 341; baseline -0.009 -12"><span class='ocrx_word' id='word_1_7' title='bbox 118 291 231 336; x_wconf 83' lang='lat' dir='ltr'>cives,</span> <span class='ocrx_word' id='word_1_8' title='bbox 251 303 326 328; x_wconf 91' lang='lat' dir='ltr'>non</span> <span class='ocrx_word' id='word_1_9' title='bbox 345 290 467 335; x_wconf 80' lang='lat' dir='ltr'>nothi,</span> <span class='ocrx_word' id='word_1_10' title='bbox 487 303 563 327; x_wconf 91' lang='lat' dir='ltr'>non</span> <span class='ocrx_word' id='word_1_11' title='bbox 584 286 805 341; x_wconf 66' lang='lat' dir='ltr'>imperfefiti,</span> <span class='ocrx_word' id='word_1_12' title='bbox 827 292 892 324; x_wconf 85' lang='lat' dir='ltr'>aut</span> <span class='ocrx_word' id='word_1_13' title='bbox 910 284 1059 323; x_wconf 85' lang='lat' dir='ltr'>ascititii</span> <span class='ocrx_word' id='word_1_14' title='bbox 1071 301 1082 330; x_wconf 86' lang='lat'>3</span> <span class='ocrx_word' id='word_1_15' title='bbox 1112 283 1192 333; x_wconf 85' lang='lat' dir='ltr'>lege</span> <span class='ocrx_word' id='word_1_16' title='bbox 1213 289 1340 320; x_wconf 85' lang='lat' dir='ltr'>tamen</span> <span class='ocrx_word' id='word_1_17' title='bbox 1359 279 1503 332; x_wconf 87' lang='lat' dir='ltr'>semper</span> 
     </span>
     <span class='ocr_line' id='line_1_3' title="bbox 120 347 1502 404; baseline -0.009 -9"><span class='ocrx_word' id='word_1_18' title='bbox 120 356 348 394; x_wconf 85' lang='lat' dir='ltr'><strong>dominante.</strong></span> <span class='ocrx_word' id='word_1_19' title='bbox 403 355 609 398; x_wconf 78' lang='lat' dir='ltr'>Quintum,</span> <span class='ocrx_word' id='word_1_20' title='bbox 637 353 703 392; x_wconf 86' lang='lat' dir='ltr'>ubi</span> <span class='ocrx_word' id='word_1_21' title='bbox 733 352 868 404; x_wconf 67' lang='lat' dir='ltr'>praeter</span> <span class='ocrx_word' id='word_1_22' title='bbox 895 350 1073 401; x_wconf 69' lang='lat' dir='ltr'>praediem</span> <span class='ocrx_word' id='word_1_23' title='bbox 1103 349 1218 399; x_wconf 84' lang='lat' dir='ltr'>paria,</span> <span class='ocrx_word' id='word_1_24' title='bbox 1246 347 1407 398; x_wconf 85' lang='lat' dir='ltr'>populus</span> <span class='ocrx_word' id='word_1_25' title='bbox 1434 347 1502 384; x_wconf 89' lang='lat' dir='ltr'>do-</span> 
     </span>
     <span class='ocr_line' id='line_1_4' title="bbox 122 411 1501 462; baseline -0.007 -3"><span class='ocrx_word' id='word_1_26' title='bbox 122 421 290 460; x_wconf 85' lang='lat' dir='ltr'>minatur</span> <span class='ocrx_word' id='word_1_27' title='bbox 315 434 390 458; x_wconf 91' lang='lat' dir='ltr'>non</span> <span class='ocrx_word' id='word_1_28' title='bbox 419 421 490 460; x_wconf 87' lang='lat' dir='ltr'>lex.</span> <span class='ocrx_word' id='word_1_29' title='bbox 547 419 661 458; x_wconf 78' lang='lat' dir='ltr'>Quod</span> <span class='ocrx_word' id='word_1_30' title='bbox 689 417 733 456; x_wconf 83' lang='lat' dir='ltr'>fit</span> <span class='ocrx_word' id='word_1_31' title='bbox 760 418 851 456; x_wconf 90' lang='lat' dir='ltr'>dum</span> <span class='ocrx_word' id='word_1_32' title='bbox 883 414 1137 455; x_wconf 86' lang='lat' dir='ltr'>multitudinis</span> <span class='ocrx_word' id='word_1_33' title='bbox 1159 414 1318 458; x_wconf 87' lang='lat' dir='ltr'>decreta,</span> <span class='ocrx_word' id='word_1_34' title='bbox 1338 425 1424 462; x_wconf 88' lang='lat' dir='ltr'>quae</span> <span class='ocrx_word' id='word_1_35' title='bbox 1442 411 1501 449; x_wconf 88' lang='lat' dir='ltr'>di-</span> 
     </span>
     <span class='ocr_line' id='line_1_5' title="bbox 119 475 1501 536; baseline -0.009 -12"><span class='ocrx_word' id='word_1_36' title='bbox 119 493 259 524; x_wconf 90' lang='lat' dir='ltr'>cuntur</span> <span class='ocrx_word' id='word_1_37' title='bbox 281 487 520 536; x_wconf 66' lang='grc' dir='ltr'><strong>ψηφίσματα,</strong></span> <span class='ocrx_word' id='word_1_38' title='bbox 541 484 784 535; x_wconf 84' lang='lat' dir='ltr'>recipiuntur,</span> <span class='ocrx_word' id='word_1_39' title='bbox 815 481 1092 532; x_wconf 79' lang='lat' dir='ltr'>imperiumque</span> <span class='ocrx_word' id='word_1_40' title='bbox 1117 485 1259 523; x_wconf 86' lang='lat' dir='ltr'>tenent,</span> <span class='ocrx_word' id='word_1_41' title='bbox 1287 475 1501 526; x_wconf 86' lang='lat' dir='ltr'>adjuvanti-</span> 
     </span>
     <span class='ocr_line' id='line_1_6' title="bbox 120 541 1504 601; baseline -0.009 -11"><span class='ocrx_word' id='word_1_42' title='bbox 120 552 190 590; x_wconf 85' lang='lat' dir='ltr'>bus</span> <span class='ocrx_word' id='word_1_43' title='bbox 210 551 454 601; x_wconf 88' lang='lat' dir='ltr'>Demagogis‚</span> <span class='ocrx_word' id='word_1_44' title='bbox 482 551 519 588; x_wconf 90' lang='lat' dir='ltr'>id</span> <span class='ocrx_word' id='word_1_45' title='bbox 547 550 596 587; x_wconf 90' lang='lat' dir='ltr'>est</span> <span class='ocrx_word' id='word_1_46' title='bbox 622 549 753 601; x_wconf 89' lang='lat' dir='ltr'>populi</span> <span class='ocrx_word' id='word_1_47' title='bbox 784 546 1019 592; x_wconf 84' lang='lat' dir='ltr'>oratoribus;</span> <span class='ocrx_word' id='word_1_48' title='bbox 1050 544 1116 595; x_wconf 91' lang='lat' dir='ltr'>qui</span> <span class='ocrx_word' id='word_1_49' title='bbox 1136 544 1175 581; x_wconf 87' lang='lat' dir='ltr'>in</span> <span class='ocrx_word' id='word_1_50' title='bbox 1194 556 1236 580; x_wconf 91' lang='lat' dir='ltr'>ea</span> <span class='ocrx_word' id='word_1_51' title='bbox 1261 541 1504 580; x_wconf 86' lang='lat' dir='ltr'>Democratia</span> 
     </span>
     <span class='ocr_line' id='line_1_7' title="bbox 123 606 1504 667; baseline -0.008 -13"><span class='ocrx_word' id='word_1_52' title='bbox 123 616 163 654; x_wconf 89' lang='lat' dir='ltr'>in</span> <span class='ocrx_word' id='word_1_53' title='bbox 183 629 259 667; x_wconf 89' lang='lat' dir='ltr'>qua</span> <span class='ocrx_word' id='word_1_54' title='bbox 276 615 334 653; x_wconf 81' lang='lat' dir='ltr'>lex</span> <span class='ocrx_word' id='word_1_55' title='bbox 353 615 524 666; x_wconf 84' lang='lat' dir='ltr'>imperat,</span> <span class='ocrx_word' id='word_1_56' title='bbox 543 613 637 652; x_wconf 90' lang='lat' dir='ltr'>nulli</span> <span class='ocrx_word' id='word_1_57' title='bbox 657 613 740 651; x_wconf 90' lang='lat' dir='ltr'>sunt</span> <span class='ocrx_word' id='word_1_58' title='bbox 758 629 767 650; x_wconf 91' lang='lat'>:</span> <span class='ocrx_word' id='word_1_59' title='bbox 799 612 898 662; x_wconf 90' lang='lat' dir='ltr'>quod</span> <span class='ocrx_word' id='word_1_60' title='bbox 919 611 972 648; x_wconf 90' lang='lat' dir='ltr'>ibi</span> <span class='ocrx_word' id='word_1_61' title='bbox 991 611 1053 660; x_wconf 18' lang='lat' dir='ltr'>lex!</span> <span class='ocrx_word' id='word_1_62' title='bbox 1071 609 1210 660; x_wconf 78' lang='lat' dir='ltr'>potiuS,</span> <span class='ocrx_word' id='word_1_63' title='bbox 1233 621 1347 658; x_wconf 80' lang='lat' dir='ltr'>quarn</span> <span class='ocrx_word' id='word_1_64' title='bbox 1371 606 1504 644; x_wconf 85' lang='lat' dir='ltr'>multi-</span> 
     </span>
     <span class='ocr_line' id='line_1_8' title="bbox 122 672 1501 731; baseline -0.009 -12"><span class='ocrx_word' id='word_1_65' title='bbox 122 682 214 719; x_wconf 87' lang='lat' dir='ltr'>tudo</span> <span class='ocrx_word' id='word_1_66' title='bbox 234 683 338 731; x_wconf 87' lang='lat' dir='ltr'>(quae</span> <span class='ocrx_word' id='word_1_67' title='bbox 355 686 541 718; x_wconf 83' lang='lat' dir='ltr'>oratorum</span> <span class='ocrx_word' id='word_1_68' title='bbox 562 677 772 729; x_wconf 84' lang='lat' dir='ltr'>eloquentia</span> <span class='ocrx_word' id='word_1_69' title='bbox 789 677 897 715; x_wconf 86' lang='lat' dir='ltr'>facile</span> <span class='ocrx_word' id='word_1_70' title='bbox 916 675 1154 727; x_wconf 85' lang='lat' dir='ltr'>persuadetur</span> <span class='ocrx_word' id='word_1_71' title='bbox 1170 672 1425 723; x_wconf 66' lang='lat' dir='ltr'>fleCHturque)</span> <span class='ocrx_word' id='word_1_72' title='bbox 1447 679 1501 708; x_wconf 89' lang='lat' dir='ltr'>te-</span> 
     </span>
     <span class='ocr_line' id='line_1_9' title="bbox 124 736 1503 792; baseline -0.007 -9"><span class='ocrx_word' id='word_1_73' title='bbox 124 753 211 784; x_wconf 85' lang='lat' dir='ltr'>neat</span> <span class='ocrx_word' id='word_1_74' title='bbox 240 744 488 783; x_wconf 88' lang='lat' dir='ltr'>dominatum.</span> <span class='ocrx_word' id='word_1_75' title='bbox 545 743 656 781; x_wconf 86' lang='lat' dir='ltr'><strong>Unde</strong></span> <span class='ocrx_word' id='word_1_76' title='bbox 691 743 867 792; x_wconf 86' lang='lat' dir='ltr'>quintum</span> <span class='ocrx_word' id='word_1_77' title='bbox 898 740 992 778; x_wconf 85' lang='lat' dir='ltr'>illud</span> <span class='ocrx_word' id='word_1_78' title='bbox 1022 752 1138 791; x_wconf 80' lang='lat' dir='ltr'>genus</span> <span class='ocrx_word' id='word_1_79' title='bbox 1172 737 1409 788; x_wconf 86' lang='lat' dir='ltr'>tyrannicum</span> <span class='ocrx_word' id='word_1_80' title='bbox 1440 736 1503 774; x_wconf 88' lang='lat' dir='ltr'>est.</span> 
     </span>
     <span class='ocr_line' id='line_1_10' title="bbox 125 800 1507 858; baseline -0.008 -11"><span class='ocrx_word' id='word_1_81' title='bbox 125 810 240 848; x_wconf 78' lang='lat' dir='ltr'>Quod</span> <span class='ocrx_word' id='word_1_82' title='bbox 270 809 371 846; x_wconf 84' lang='lat' dir='ltr'>enim</span> <span class='ocrx_word' id='word_1_83' title='bbox 407 807 492 845; x_wconf 89' lang='lat' dir='ltr'>sunt</span> <span class='ocrx_word' id='word_1_84' title='bbox 524 818 612 857; x_wconf 88' lang='lat' dir='ltr'>erga</span> <span class='ocrx_word' id='word_1_85' title='bbox 638 808 860 858; x_wconf 87' lang='lat' dir='ltr'><strong>Tyrannum</strong></span> <span class='ocrx_word' id='word_1_86' title='bbox 891 807 1043 849; x_wconf 72' lang='grc' dir='ltr'>κόλακες,</span> <span class='ocrx_word' id='word_1_87' title='bbox 1071 803 1293 847; x_wconf 86' lang='lat' dir='ltr'>adulatores,</span> <span class='ocrx_word' id='word_1_88' title='bbox 1324 802 1392 838; x_wconf 90' lang='lat' dir='ltr'>hoc</span> <span class='ocrx_word' id='word_1_89' title='bbox 1419 800 1507 838; x_wconf 89' lang='lat' dir='ltr'>sunt</span> 
     </span>
     <span class='ocr_line' id='line_1_11' title="bbox 122 866 1508 925; baseline -0.006 -13"><span class='ocrx_word' id='word_1_90' title='bbox 122 887 211 925; x_wconf 87' lang='lat' dir='ltr'>erga</span> <span class='ocrx_word' id='word_1_91' title='bbox 230 874 411 925; x_wconf 90' lang='lat' dir='ltr'>populum</span> <span class='ocrx_word' id='word_1_92' title='bbox 433 876 542 922; x_wconf 89' lang='lat' dir='ltr'>(tunc</span> <span class='ocrx_word' id='word_1_93' title='bbox 561 874 745 925; x_wconf 52' lang='grc' dir='ltr'>μόναρχοι,</span> <span class='ocrx_word' id='word_1_94' title='bbox 765 873 790 909; x_wconf 85' lang='lat' dir='ltr'>fi</span> <span class='ocrx_word' id='word_1_95' title='bbox 810 885 885 909; x_wconf 89' lang='lat' dir='ltr'>non</span> <span class='ocrx_word' id='word_1_96' title='bbox 905 870 1094 922; x_wconf 74' lang='lat' dir='ltr'>sigillatim</span> <span class='ocrx_word' id='word_1_97' title='bbox 1115 876 1151 907; x_wconf 89' lang='lat' dir='ltr'>et</span> <span class='ocrx_word' id='word_1_98' title='bbox 1172 867 1417 912; x_wconf 81' lang='lat' dir='ltr'>distributive,</span> <span class='ocrx_word' id='word_1_99' title='bbox 1437 866 1508 904; x_wconf 87' lang='lat' dir='ltr'>sal-</span> 
     </span>
     <span class='ocr_line' id='line_1_12' title="bbox 123 933 1507 988; baseline -0.007 -9"><span class='ocrx_word' id='word_1_100' title='bbox 123 949 200 978; x_wconf 87' lang='lat' dir='ltr'>tem</span> <span class='ocrx_word' id='word_1_101' title='bbox 227 939 417 978; x_wconf 61' lang='lat' dir='ltr'>colleefive</span> <span class='ocrx_word' id='word_1_102' title='bbox 436 945 472 976; x_wconf 88' lang='lat' dir='ltr'>et</span> <span class='ocrx_word' id='word_1_103' title='bbox 489 938 687 976; x_wconf 80' lang='lat' dir='ltr'>universim</span> <span class='ocrx_word' id='word_1_104' title='bbox 717 937 929 988; x_wconf 80' lang='lat' dir='ltr'>sumptum)</span> <span class='ocrx_word' id='word_1_105' title='bbox 950 942 1125 974; x_wconf 87' lang='lat' dir='ltr'>oratores.</span> <span class='ocrx_word' id='word_1_106' title='bbox 1180 935 1230 972; x_wconf 89' lang='lat' dir='ltr'>Et</span> <span class='ocrx_word' id='word_1_107' title='bbox 1248 933 1347 984; x_wconf 89' lang='lat' dir='ltr'>quod</span> <span class='ocrx_word' id='word_1_108' title='bbox 1366 933 1428 970; x_wconf 88' lang='lat' dir='ltr'>hic</span> <span class='ocrx_word' id='word_1_109' title='bbox 1443 933 1507 970; x_wconf 85' lang='lat' dir='ltr'>de-</span> 
     </span>
     <span class='ocr_line' id='line_1_13' title="bbox 123 998 1506 1057; baseline -0.005 -13"><span class='ocrx_word' id='word_1_110' title='bbox 123 1012 224 1044; x_wconf 88' lang='lat' dir='ltr'>creta</span> <span class='ocrx_word' id='word_1_111' title='bbox 251 1004 457 1057; x_wconf 83' lang='lat' dir='ltr'>popularia,</span> <span class='ocrx_word' id='word_1_112' title='bbox 477 1005 547 1041; x_wconf 85' lang='lat' dir='ltr'>five</span> <span class='ocrx_word' id='word_1_113' title='bbox 569 1002 774 1055; x_wconf 85' lang='lat' dir='ltr'>plebiscita,</span> <span class='ocrx_word' id='word_1_114' title='bbox 799 1003 1036 1054; x_wconf 72' lang='grc' dir='ltr'>ψηφίσμαται,</span> <span class='ocrx_word' id='word_1_115' title='bbox 1062 1000 1139 1038; x_wconf 88' lang='lat' dir='ltr'>illic</span> <span class='ocrx_word' id='word_1_116' title='bbox 1167 999 1252 1042; x_wconf 89' lang='lat' dir='ltr'>sunt</span> <span class='ocrx_word' id='word_1_117' title='bbox 1279 998 1400 1037; x_wconf 63' lang='lat' dir='ltr'>edicta</span> <span class='ocrx_word' id='word_1_118' title='bbox 1428 1002 1506 1038; x_wconf 71' lang='grc' dir='ltr'><strong>ἔστι·</strong></span> 
     </span>
     <span class='ocr_line' id='line_1_14' title="bbox 124 1065 1508 1121; baseline -0.006 -11"><span class='ocrx_word' id='word_1_119' title='bbox 124 1071 327 1121; x_wconf 73' lang='grc' dir='ltr'>τᾶγματαε</span> <span class='ocrx_word' id='word_1_120' title='bbox 360 1070 440 1108; x_wconf 89' lang='lat' dir='ltr'>ideo</span> <span class='ocrx_word' id='word_1_121' title='bbox 459 1069 699 1108; x_wconf 90' lang='lat' dir='ltr'>Democratia</span> <span class='ocrx_word' id='word_1_122' title='bbox 727 1070 806 1107; x_wconf 83' lang='lat' dir='ltr'>haec</span> <span class='ocrx_word' id='word_1_123' title='bbox 825 1078 901 1105; x_wconf 87' lang='lat' dir='ltr'>non</span> <span class='ocrx_word' id='word_1_124' title='bbox 920 1067 969 1104; x_wconf 90' lang='lat' dir='ltr'>est</span> <span class='ocrx_word' id='word_1_125' title='bbox 989 1067 1148 1106; x_wconf 74' lang='grc' dir='ltr'>πολιτεία</span> <span class='ocrx_word' id='word_1_126' title='bbox 1166 1078 1267 1111; x_wconf 86' lang='lat' dir='ltr'>vera,</span> <span class='ocrx_word' id='word_1_127' title='bbox 1287 1072 1400 1115; x_wconf 88' lang='lat' dir='ltr'>atque</span> <span class='ocrx_word' id='word_1_128' title='bbox 1418 1065 1508 1102; x_wconf 87' lang='lat' dir='ltr'>adeo</span> 
     </span>
     <span class='ocr_line' id='line_1_15' title="bbox 126 1131 1508 1187; baseline -0.002 -14"><span class='ocrx_word' id='word_1_129' title='bbox 126 1149 194 1174; x_wconf 91' lang='lat' dir='ltr'>nec</span> <span class='ocrx_word' id='word_1_130' title='bbox 212 1135 374 1187; x_wconf 81' lang='lat' dir='ltr'>proprie,</span> <span class='ocrx_word' id='word_1_131' title='bbox 394 1148 461 1173; x_wconf 85' lang='lat' dir='ltr'>nec</span> <span class='ocrx_word' id='word_1_132' title='bbox 490 1136 600 1186; x_wconf 75' lang='grc' dir='ltr'><strong>κυρίως</strong></span> <span class='ocrx_word' id='word_1_133' title='bbox 627 1134 881 1172; x_wconf 83' lang='lat' dir='ltr'>Democratia.</span> <span class='ocrx_word' id='word_1_134' title='bbox 937 1134 1087 1184; x_wconf 89' lang='lat' dir='ltr'>Nempe</span> <span class='ocrx_word' id='word_1_135' title='bbox 1109 1133 1198 1183; x_wconf 89' lang='lat' dir='ltr'>quia</span> <span class='ocrx_word' id='word_1_136' title='bbox 1216 1131 1282 1170; x_wconf 88' lang='lat' dir='ltr'>ubi</span> <span class='ocrx_word' id='word_1_137' title='bbox 1306 1132 1404 1182; x_wconf 82' lang='lat' dir='ltr'>leges</span> <span class='ocrx_word' id='word_1_138' title='bbox 1432 1144 1508 1170; x_wconf 88' lang='lat' dir='ltr'>non</span> 
     </span>
     <span class='ocr_line' id='line_1_16' title="bbox 126 1197 1509 1251; baseline -0.004 -13"><span class='ocrx_word' id='word_1_139' title='bbox 126 1201 327 1251; x_wconf 84' lang='lat' dir='ltr'>imperant,</span> <span class='ocrx_word' id='word_1_140' title='bbox 346 1213 419 1237; x_wconf 90' lang='lat' dir='ltr'>non</span> <span class='ocrx_word' id='word_1_141' title='bbox 441 1199 490 1237; x_wconf 90' lang='lat' dir='ltr'>est</span> <span class='ocrx_word' id='word_1_142' title='bbox 509 1199 653 1249; x_wconf 87' lang='lat' dir='ltr'>politia.</span> <span class='ocrx_word' id='word_1_143' title='bbox 686 1199 759 1237; x_wconf 89' lang='lat' dir='ltr'>Cui</span> <span class='ocrx_word' id='word_1_144' title='bbox 775 1198 983 1236; x_wconf 84' lang='lat' dir='ltr'>Aristotelis</span> <span class='ocrx_word' id='word_1_145' title='bbox 1001 1197 1194 1236; x_wconf 82' lang='lat' dir='ltr'>sententiae</span> <span class='ocrx_word' id='word_1_146' title='bbox 1204 1197 1371 1234; x_wconf 87' lang='lat' dir='ltr'>concinit</span> <span class='ocrx_word' id='word_1_147' title='bbox 1385 1197 1509 1247; x_wconf 78' lang='lat' dir='ltr'>Chry-</span> 
     </span>
     <span class='ocr_line' id='line_1_17' title="bbox 128 1261 1508 1316; baseline -0.003 -14"><span class='ocrx_word' id='word_1_148' title='bbox 128 1266 253 1316; x_wconf 83' lang='lat' dir='ltr'>fippus</span> <span class='ocrx_word' id='word_1_149' title='bbox 281 1265 380 1316; x_wconf 87' lang='lat' dir='ltr'>apud</span> <span class='ocrx_word' id='word_1_150' title='bbox 409 1263 716 1315; x_wconf 88' lang='lat' dir='ltr'>Jurisconsultum</span> <span class='ocrx_word' id='word_1_151' title='bbox 745 1263 823 1314; x_wconf 87' lang='lat' dir='ltr'>lege</span> <span class='ocrx_word' id='word_1_152' title='bbox 846 1275 881 1302; x_wconf 85' lang='lat'>2.</span> <span class='ocrx_word' id='word_1_153' title='bbox 901 1262 941 1301; x_wconf 83' lang='lat' dir='ltr'>ff.</span> <span class='ocrx_word' id='word_1_154' title='bbox 961 1263 1006 1301; x_wconf 93' lang='lat' dir='ltr'>de</span> <span class='ocrx_word' id='word_1_155' title='bbox 1033 1263 1144 1314; x_wconf 80' lang='lat' dir='ltr'><strong>legib.</strong></span> <span class='ocrx_word' id='word_1_156' title='bbox 1200 1261 1279 1300; x_wconf 90' lang='lat' dir='ltr'>Ubi</span> <span class='ocrx_word' id='word_1_157' title='bbox 1307 1261 1362 1300; x_wconf 85' lang='lat' dir='ltr'>ait</span> <span class='ocrx_word' id='word_1_158' title='bbox 1388 1261 1508 1311; x_wconf 89' lang='lat' dir='ltr'>legem</span> 
     </span>
     <span class='ocr_line' id='line_1_18' title="bbox 128 1325 1508 1379; baseline -0.003 -12"><span class='ocrx_word' id='word_1_159' title='bbox 128 1329 197 1367; x_wconf 83' lang='lat' dir='ltr'>effe</span> <span class='ocrx_word' id='word_1_160' title='bbox 224 1329 396 1375; x_wconf 85' lang='lat' dir='ltr'>omnium</span> <span class='ocrx_word' id='word_1_161' title='bbox 425 1329 633 1367; x_wconf 82' lang='lat' dir='ltr'>Dominam</span> <span class='ocrx_word' id='word_1_162' title='bbox 662 1335 698 1365; x_wconf 91' lang='lat' dir='ltr'>et</span> <span class='ocrx_word' id='word_1_163' title='bbox 726 1328 930 1378; x_wconf 86' lang='lat' dir='ltr'>Reginam,</span> <span class='ocrx_word' id='word_1_164' title='bbox 951 1327 1118 1379; x_wconf 87' lang='lat' dir='ltr'>intellige</span> <span class='ocrx_word' id='word_1_165' title='bbox 1145 1326 1335 1378; x_wconf 83' lang='lat' dir='ltr'>scriptam,</span> <span class='ocrx_word' id='word_1_166' title='bbox 1354 1325 1412 1363; x_wconf 84' lang='lat' dir='ltr'>vel</span> <span class='ocrx_word' id='word_1_167' title='bbox 1434 1338 1508 1362; x_wconf 90' lang='lat' dir='ltr'>non</span> 
     </span>
     <span class='ocr_line' id='line_1_19' title="bbox 130 1392 900 1444; baseline -0.001 -14"><span class='ocrx_word' id='word_1_168' title='bbox 130 1393 303 1444; x_wconf 79' lang='lat' dir='ltr'>scriptam</span> <span class='ocrx_word' id='word_1_169' title='bbox 320 1410 333 1441; x_wconf 89' lang='grc'><strong><em>5</em></strong></span> <span class='ocrx_word' id='word_1_170' title='bbox 363 1394 584 1438; x_wconf 88' lang='lat' dir='ltr'>humanam,</span> <span class='ocrx_word' id='word_1_171' title='bbox 602 1392 659 1430; x_wconf 91' lang='lat' dir='ltr'>vel</span> <span class='ocrx_word' id='word_1_172' title='bbox 679 1392 900 1430; x_wconf 84' lang='lat' dir='ltr'>naturalem.</span> 
     </span>
    </p>
   </div>
   <div class='ocr_carea' id='block_1_3' title="bbox 646 1499 1001 1552">
    <p class='ocr_par' dir='ltr' id='par_1_3' title="bbox 646 1499 1001 1552">
     <span class='ocr_line' id='line_1_20' title="bbox 646 1499 1001 1552; baseline 0.003 -15"><span class='ocrx_word' id='word_1_173' title='bbox 646 1499 710 1538; x_wconf 86' lang='lat' dir='ltr'>Ad</span> <span class='ocrx_word' id='word_1_174' title='bbox 728 1500 814 1552; x_wconf 84' lang='lat' dir='ltr'>Cap.</span> <span class='ocrx_word' id='word_1_175' title='bbox 833 1499 1001 1552; x_wconf 83' lang='lat' dir='ltr'>quintum.</span> 
     </span>
    </p>
   </div>
   <div class='ocr_carea' id='block_1_4' title="bbox 130 1586 1734 2353">
    <p class='ocr_par' dir='ltr' id='par_1_4' title="bbox 130 1586 1734 2157">
     <span class='ocr_line' id='line_1_21' title="bbox 183 1586 1730 1639; baseline -0.002 -14"><span class='ocrx_word' id='word_1_176' title='bbox 183 1587 393 1639; x_wconf 84' lang='lat' dir='ltr'>Distinguit</span> <span class='ocrx_word' id='word_1_177' title='bbox 424 1586 683 1638; x_wconf 83' lang='lat' dir='ltr'>Oligarchiam</span> <span class='ocrx_word' id='word_1_178' title='bbox 715 1588 753 1625; x_wconf 90' lang='lat' dir='ltr'>in</span> <span class='ocrx_word' id='word_1_179' title='bbox 785 1587 849 1626; x_wconf 90' lang='lat' dir='ltr'>sua</span> <span class='ocrx_word' id='word_1_180' title='bbox 877 1601 1023 1639; x_wconf 88' lang='lat' dir='ltr'>genera.</span> <span class='ocrx_word' id='word_1_181' title='bbox 1078 1588 1247 1626; x_wconf 88' lang='lat' dir='ltr'>Primum</span> <span class='ocrx_word' id='word_1_182' title='bbox 1281 1587 1334 1626; x_wconf 88' lang='lat' dir='ltr'>ait</span> <span class='ocrx_word' id='word_1_183' title='bbox 1363 1586 1444 1633; x_wconf 81' lang='lat' dir='ltr'>effe,</span> <span class='ocrx_word' id='word_1_184' title='bbox 1471 1587 1510 1625; x_wconf 89' lang='lat' dir='ltr'>in</span> <span class='ocrx_word' id='word_1_185' title='bbox 1525 1597 1730 1631; x_wconf 64' lang='lat' dir='ltr'>Generaou-</span> 
     </span>
     <span class='ocr_line' id='line_1_22' title="bbox 130 1643 1677 1704; baseline -0.001 -13"><span class='ocrx_word' id='word_1_186' title='bbox 130 1667 207 1704; x_wconf 86' lang='lat' dir='ltr'>quo</span> <span class='ocrx_word' id='word_1_187' title='bbox 225 1653 460 1703; x_wconf 84' lang='lat' dir='ltr'>magistratus</span> <span class='ocrx_word' id='word_1_188' title='bbox 488 1653 624 1690; x_wconf 87' lang='lat' dir='ltr'>dantur</span> <span class='ocrx_word' id='word_1_189' title='bbox 641 1665 686 1689; x_wconf 87' lang='lat' dir='ltr'>ex</span> <span class='ocrx_word' id='word_1_190' title='bbox 706 1653 871 1691; x_wconf 83' lang='lat' dir='ltr'>cenfibus</span> <span class='ocrx_word' id='word_1_191' title='bbox 890 1653 980 1691; x_wconf 88' lang='lat' dir='ltr'>adeo</span> <span class='ocrx_word' id='word_1_192' title='bbox 999 1653 1160 1704; x_wconf 89' lang='lat' dir='ltr'>magnis,</span> <span class='ocrx_word' id='word_1_193' title='bbox 1180 1659 1223 1690; x_wconf 85' lang='lat' dir='ltr'>ut</span> <span class='ocrx_word' id='word_1_194' title='bbox 1242 1665 1369 1690; x_wconf 89' lang='lat' dir='ltr'>eorum</span> <span class='ocrx_word' id='word_1_195' title='bbox 1395 1653 1510 1703; x_wconf 80' lang='lat' dir='ltr'>parti·</span> <span class='ocrx_word' id='word_1_196' title='bbox 1525 1643 1677 1684; x_wconf 79' lang='lat' dir='ltr'>garchiae.</span> 
     </span>
     <span class='ocr_line' id='line_1_23' title="bbox 130 1717 1510 1770; baseline -0.001 -14"><span class='ocrx_word' id='word_1_197' title='bbox 130 1718 233 1770; x_wconf 85' lang='lat' dir='ltr'>cipes</span> <span class='ocrx_word' id='word_1_198' title='bbox 260 1717 326 1756; x_wconf 83' lang='lat' dir='ltr'>effe</span> <span class='ocrx_word' id='word_1_199' title='bbox 353 1723 540 1767; x_wconf 86' lang='lat' dir='ltr'>nequeant</span> <span class='ocrx_word' id='word_1_200' title='bbox 567 1730 758 1767; x_wconf 47' lang='lat' dir='ltr'>pauperes</span> <span class='ocrx_word' id='word_1_201' title='bbox 777 1717 954 1756; x_wconf 84' lang='lat' dir='ltr'>divitibus</span> <span class='ocrx_word' id='word_1_202' title='bbox 974 1717 1083 1769; x_wconf 89' lang='lat' dir='ltr'>longe</span> <span class='ocrx_word' id='word_1_203' title='bbox 1107 1717 1245 1769; x_wconf 84' lang='lat' dir='ltr'>plures.</span> <span class='ocrx_word' id='word_1_204' title='bbox 1300 1717 1510 1755; x_wconf 87' lang='lat' dir='ltr'>Secundum</span> 
     </span>
     <span class='ocr_line' id='line_1_24' title="bbox 135 1779 1724 1832; baseline -0.001 -14"><span class='ocrx_word' id='word_1_205' title='bbox 135 1793 223 1818; x_wconf 91' lang='lat' dir='ltr'>cum</span> <span class='ocrx_word' id='word_1_206' title='bbox 245 1783 280 1818; x_wconf 78' lang='grc' dir='ltr'>ἔκ</span> <span class='ocrx_word' id='word_1_207' title='bbox 299 1779 346 1829; x_wconf 66' lang='grc' dir='ltr'>μὴ</span> <span class='ocrx_word' id='word_1_208' title='bbox 365 1785 514 1832; x_wconf 55' lang='grc' dir='ltr'>μακρῶν,</span> <span class='ocrx_word' id='word_1_209' title='bbox 537 1780 602 1827; x_wconf 84' lang='lat' dir='ltr'>(fic</span> <span class='ocrx_word' id='word_1_210' title='bbox 619 1780 720 1816; x_wconf 90' lang='lat' dir='ltr'>enim</span> <span class='ocrx_word' id='word_1_211' title='bbox 745 1780 940 1830; x_wconf 86' lang='lat' dir='ltr'>legendum</span> <span class='ocrx_word' id='word_1_212' title='bbox 961 1781 1010 1818; x_wconf 87' lang='lat' dir='ltr'>est</span> <span class='ocrx_word' id='word_1_213' title='bbox 1031 1781 1067 1818; x_wconf 91' lang='lat' dir='ltr'>in</span> <span class='ocrx_word' id='word_1_214' title='bbox 1089 1787 1194 1819; x_wconf 87' lang='lat' dir='ltr'>textu</span> <span class='ocrx_word' id='word_1_215' title='bbox 1222 1793 1298 1818; x_wconf 89' lang='lat' dir='ltr'>non</span> <span class='ocrx_word' id='word_1_216' title='bbox 1317 1785 1452 1832; x_wconf 71' lang='grc' dir='ltr'>μικρῦν,</span> <span class='ocrx_word' id='word_1_217' title='bbox 1471 1786 1514 1817; x_wconf 91' lang='lat' dir='ltr'>ut</span> <span class='ocrx_word' id='word_1_218' title='bbox 1530 1789 1724 1823; x_wconf 74' lang='lat' dir='ltr'>Emendatio</span> 
     </span>
     <span class='ocr_line' id='line_1_25' title="bbox 138 1834 1734 1908; baseline 0 -26"><span class='ocrx_word' id='word_1_219' title='bbox 138 1845 362 1890; x_wconf 87' lang='lat' dir='ltr'>Lambinus,</span> <span class='ocrx_word' id='word_1_220' title='bbox 381 1858 467 1883; x_wconf 91' lang='lat' dir='ltr'>cum</span> <span class='ocrx_word' id='word_1_221' title='bbox 489 1845 527 1882; x_wconf 90' lang='lat' dir='ltr'>in</span> <span class='ocrx_word' id='word_1_222' title='bbox 547 1845 616 1882; x_wconf 88' lang='lat' dir='ltr'>hoc</span> <span class='ocrx_word' id='word_1_223' title='bbox 635 1857 766 1895; x_wconf 87' lang='lat' dir='ltr'>genere</span> <span class='ocrx_word' id='word_1_224' title='bbox 785 1845 911 1883; x_wconf 88' lang='lat' dir='ltr'>census</span> <span class='ocrx_word' id='word_1_225' title='bbox 931 1846 973 1882; x_wconf 84' lang='lat' dir='ltr'>sit</span> <span class='ocrx_word' id='word_1_226' title='bbox 993 1846 1112 1896; x_wconf 84' lang='lat' dir='ltr'>priore</span> <span class='ocrx_word' id='word_1_227' title='bbox 1142 1834 1274 1896; x_wconf 69' lang='lat' dir='ltr'>major,</span> <span class='ocrx_word' id='word_1_228' title='bbox 1293 1859 1369 1884; x_wconf 93' lang='lat' dir='ltr'>non</span> <span class='ocrx_word' id='word_1_229' title='bbox 1388 1853 1515 1883; x_wconf 87' lang='lat' dir='ltr'>tamen</span> <span class='ocrx_word' id='word_1_230' title='bbox 1529 1841 1639 1908; x_wconf 43' lang='lat'>²⁶¹¹?</span> <span class='ocrx_word' id='word_1_231' title='bbox 1655 1842 1734 1907; x_wconf 53' lang='lat'><strong>⁰31¹:</strong></span> 
     </span>
     <span class='ocr_line' id='line_1_26' title="bbox 136 1885 1708 1962; baseline 0.001 -14"><span class='ocrx_word' id='word_1_232' title='bbox 136 1909 300 1948; x_wconf 88' lang='lat' dir='ltr'>absolute</span> <span class='ocrx_word' id='word_1_233' title='bbox 328 1921 511 1959; x_wconf 86' lang='lat' dir='ltr'>magnus:</span> <span class='ocrx_word' id='word_1_234' title='bbox 543 1910 603 1946; x_wconf 90' lang='lat' dir='ltr'>Ita</span> <span class='ocrx_word' id='word_1_235' title='bbox 630 1916 674 1946; x_wconf 87' lang='lat' dir='ltr'>ut</span> <span class='ocrx_word' id='word_1_236' title='bbox 701 1909 738 1946; x_wconf 87' lang='lat' dir='ltr'>in</span> <span class='ocrx_word' id='word_1_237' title='bbox 771 1909 928 1948; x_wconf 90' lang='lat' dir='ltr'>seeundo</span> <span class='ocrx_word' id='word_1_238' title='bbox 955 1911 1039 1962; x_wconf 80' lang='lat' dir='ltr'>plus</span> <span class='ocrx_word' id='word_1_239' title='bbox 1067 1910 1281 1961; x_wconf 82' lang='lat' dir='ltr'>Oligarchae</span> <span class='ocrx_word' id='word_1_240' title='bbox 1307 1911 1379 1948; x_wconf 85' lang='lat' dir='ltr'>five</span> <span class='ocrx_word' id='word_1_241' title='bbox 1406 1912 1515 1962; x_wconf 87' lang='lat' dir='ltr'>pauci</span> <span class='ocrx_word' id='word_1_242' title='bbox 1529 1885 1638 1954; x_wconf 46' lang='lat' dir='ltr'>iffim?</span> <span class='ocrx_word' id='word_1_243' title='bbox 1640 1885 1673 1907; x_wconf 78' lang='lat' dir='ltr'>m</span> <span class='ocrx_word' id='word_1_244' title='bbox 1700 1886 1708 1906; x_wconf 58' lang='grc' dir='ltr'>Ι</span> 
     </span>
     <span class='ocr_line' id='line_1_27' title="bbox 135 1973 1518 2025; baseline 0 -11"><span class='ocrx_word' id='word_1_245' title='bbox 135 1975 383 2014; x_wconf 87' lang='lat' dir='ltr'>dominatores</span> <span class='ocrx_word' id='word_1_246' title='bbox 403 1974 468 2011; x_wconf 84' lang='lat' dir='ltr'>fibi</span> <span class='ocrx_word' id='word_1_247' title='bbox 487 1973 650 2020; x_wconf 85' lang='lat' dir='ltr'>sumant,</span> <span class='ocrx_word' id='word_1_248' title='bbox 670 1987 784 2024; x_wconf 88' lang='lat' dir='ltr'>quam</span> <span class='ocrx_word' id='word_1_249' title='bbox 806 1975 843 2012; x_wconf 91' lang='lat' dir='ltr'>in</span> <span class='ocrx_word' id='word_1_250' title='bbox 865 1975 985 2025; x_wconf 89' lang='lat' dir='ltr'>priore</span> <span class='ocrx_word' id='word_1_251' title='bbox 1001 1992 1011 2022; x_wconf 84' lang='grc'><strong><em>5</em></strong></span> <span class='ocrx_word' id='word_1_252' title='bbox 1041 1976 1127 2014; x_wconf 88' lang='lat' dir='ltr'>licet</span> <span class='ocrx_word' id='word_1_253' title='bbox 1148 1990 1224 2014; x_wconf 89' lang='lat' dir='ltr'>non</span> <span class='ocrx_word' id='word_1_254' title='bbox 1245 1977 1410 2014; x_wconf 87' lang='lat' dir='ltr'>multum</span> <span class='ocrx_word' id='word_1_255' title='bbox 1430 1977 1518 2014; x_wconf 83' lang='lat' dir='ltr'>fim-</span> 
     </span>
     <span class='ocr_line' id='line_1_28' title="bbox 135 2038 1517 2091; baseline 0.001 -14"><span class='ocrx_word' id='word_1_256' title='bbox 135 2039 298 2091; x_wconf 88' lang='lat' dir='ltr'>pliciter)</span> <span class='ocrx_word' id='word_1_257' title='bbox 333 2052 378 2076; x_wconf 87' lang='lat' dir='ltr'>ex</span> <span class='ocrx_word' id='word_1_258' title='bbox 409 2051 484 2075; x_wconf 88' lang='lat' dir='ltr'>non</span> <span class='ocrx_word' id='word_1_259' title='bbox 513 2038 660 2088; x_wconf 87' lang='lat' dir='ltr'>magnis</span> <span class='ocrx_word' id='word_1_260' title='bbox 687 2039 851 2076; x_wconf 75' lang='lat' dir='ltr'>censibus</span> <span class='ocrx_word' id='word_1_261' title='bbox 878 2039 1034 2090; x_wconf 86' lang='lat' dir='ltr'>quidam</span> <span class='ocrx_word' id='word_1_262' title='bbox 1066 2040 1300 2078; x_wconf 69' lang='lat' dir='ltr'>assumuntur</span> <span class='ocrx_word' id='word_1_263' title='bbox 1327 2041 1367 2078; x_wconf 92' lang='lat' dir='ltr'>in</span> <span class='ocrx_word' id='word_1_264' title='bbox 1396 2041 1517 2091; x_wconf 85' lang='lat' dir='ltr'>magi-</span> 
     </span>
     <span class='ocr_line' id='line_1_29' title="bbox 135 2103 1517 2157; baseline 0.001 -15"><span class='ocrx_word' id='word_1_265' title='bbox 135 2104 281 2149; x_wconf 83' lang='lat' dir='ltr'>stratus,</span> <span class='ocrx_word' id='word_1_266' title='bbox 317 2110 355 2141; x_wconf 89' lang='lat' dir='ltr'>et</span> <span class='ocrx_word' id='word_1_267' title='bbox 392 2103 429 2140; x_wconf 91' lang='lat' dir='ltr'>in</span> <span class='ocrx_word' id='word_1_268' title='bbox 465 2103 745 2141; x_wconf 87' lang='lat' dir='ltr'>demortuorum</span> <span class='ocrx_word' id='word_1_269' title='bbox 783 2104 903 2142; x_wconf 91' lang='lat' dir='ltr'>locum</span> <span class='ocrx_word' id='word_1_270' title='bbox 943 2104 1176 2142; x_wconf 89' lang='lat' dir='ltr'>sufficiuntur</span> <span class='ocrx_word' id='word_1_271' title='bbox 1206 2112 1244 2143; x_wconf 89' lang='lat' dir='ltr'>et</span> <span class='ocrx_word' id='word_1_272' title='bbox 1279 2113 1517 2157; x_wconf 82' lang='lat' dir='ltr'>cooptantur.</span> 
     </span>
    </p>

    <p class='ocr_par' dir='ltr' id='par_1_5' title="bbox 134 2167 1518 2353">
     <span class='ocr_line' id='line_1_30' title="bbox 134 2167 1518 2222; baseline 0.001 -14"><span class='ocrx_word' id='word_1_273' title='bbox 134 2170 324 2214; x_wconf 86' lang='lat' dir='ltr'>Tertium,</span> <span class='ocrx_word' id='word_1_274' title='bbox 346 2169 384 2206; x_wconf 91' lang='lat' dir='ltr'>in</span> <span class='ocrx_word' id='word_1_275' title='bbox 405 2182 481 2219; x_wconf 90' lang='lat' dir='ltr'>quo</span> <span class='ocrx_word' id='word_1_276' title='bbox 499 2168 598 2205; x_wconf 88' lang='lat' dir='ltr'>filius</span> <span class='ocrx_word' id='word_1_277' title='bbox 622 2167 781 2207; x_wconf 87' lang='lat' dir='ltr'>succedit</span> <span class='ocrx_word' id='word_1_278' title='bbox 807 2170 918 2222; x_wconf 89' lang='lat' dir='ltr'>patri.</span> <span class='ocrx_word' id='word_1_279' title='bbox 976 2170 1182 2216; x_wconf 78' lang='lat' dir='ltr'>Quartum,</span> <span class='ocrx_word' id='word_1_280' title='bbox 1202 2172 1242 2209; x_wconf 86' lang='lat' dir='ltr'>in</span> <span class='ocrx_word' id='word_1_281' title='bbox 1263 2185 1339 2221; x_wconf 90' lang='lat' dir='ltr'>quo</span> <span class='ocrx_word' id='word_1_282' title='bbox 1359 2172 1518 2209; x_wconf 89' lang='lat' dir='ltr'>maximi</span> 
     </span>
     <span class='ocr_line' id='line_1_31' title="bbox 136 2233 1518 2287; baseline 0.001 -15"><span class='ocrx_word' id='word_1_283' title='bbox 136 2234 263 2272; x_wconf 85' lang='lat' dir='ltr'>census</span> <span class='ocrx_word' id='word_1_284' title='bbox 280 2234 375 2271; x_wconf 88' lang='lat' dir='ltr'>ratio</span> <span class='ocrx_word' id='word_1_285' title='bbox 394 2234 559 2277; x_wconf 85' lang='lat' dir='ltr'>habetur,</span> <span class='ocrx_word' id='word_1_286' title='bbox 579 2233 670 2283; x_wconf 83' lang='lat' dir='ltr'>legis</span> <span class='ocrx_word' id='word_1_287' title='bbox 691 2233 796 2271; x_wconf 91' lang='lat' dir='ltr'>nulla</span> <span class='ocrx_word' id='word_1_288' title='bbox 811 2250 822 2282; x_wconf 88' lang='grc'><strong><em>5</em></strong></span> <span class='ocrx_word' id='word_1_289' title='bbox 854 2234 907 2272; x_wconf 89' lang='lat' dir='ltr'>ita</span> <span class='ocrx_word' id='word_1_290' title='bbox 935 2240 983 2281; x_wconf 24' lang='lat' dir='ltr'>ut*</span> <span class='ocrx_word' id='word_1_291' title='bbox 1005 2236 1194 2286; x_wconf 84' lang='lat' dir='ltr'>perpauci,</span> <span class='ocrx_word' id='word_1_292' title='bbox 1211 2237 1438 2287; x_wconf 87' lang='lat' dir='ltr'>contemptis</span> <span class='ocrx_word' id='word_1_293' title='bbox 1466 2237 1518 2274; x_wconf 87' lang='lat' dir='ltr'>le-</span> 
     </span>
     <span class='ocr_line' id='line_1_32' title="bbox 137 2297 1518 2353; baseline 0.004 -17"><span class='ocrx_word' id='word_1_294' title='bbox 137 2299 247 2351; x_wconf 82' lang='lat' dir='ltr'>gibus</span> <span class='ocrx_word' id='word_1_295' title='bbox 262 2299 526 2337; x_wconf 83' lang='lat' dir='ltr'>dominentur:</span> <span class='ocrx_word' id='word_1_296' title='bbox 557 2299 657 2348; x_wconf 88' lang='lat' dir='ltr'>quod</span> <span class='ocrx_word' id='word_1_297' title='bbox 680 2311 797 2348; x_wconf 82' lang='lat' dir='ltr'>genus</span> <span class='ocrx_word' id='word_1_298' title='bbox 825 2297 1040 2345; x_wconf 62' lang='grc' dir='ltr'>ἑυναστείαι,</span> <span class='ocrx_word' id='word_1_299' title='bbox 1060 2307 1208 2347; x_wconf 85' lang='lat' dir='ltr'>vocant,</span> <span class='ocrx_word' id='word_1_300' title='bbox 1226 2307 1268 2338; x_wconf 91' lang='lat' dir='ltr'>ut</span> <span class='ocrx_word' id='word_1_301' title='bbox 1287 2315 1331 2339; x_wconf 86' lang='lat' dir='ltr'>ex</span> <span class='ocrx_word' id='word_1_302' title='bbox 1350 2314 1432 2353; x_wconf 87' lang='lat' dir='ltr'>cap.</span> <span class='ocrx_word' id='word_1_303' title='bbox 1457 2314 1518 2342; x_wconf 85' lang='lat'>11.</span> 
     </span>
    </p>
   </div>
   <div class='ocr_carea' id='block_1_5' title="bbox 139 2362 1181 2415">
    <p class='ocr_par' dir='ltr' id='par_1_6' title="bbox 139 2362 1181 2415">
     <span class='ocr_line' id='line_1_33' title="bbox 139 2362 1181 2415; baseline 0.001 -13"><span class='ocrx_word' id='word_1_304' title='bbox 139 2362 250 2415; x_wconf 81' lang='lat' dir='ltr'>hujus</span> <span class='ocrx_word' id='word_1_305' title='bbox 267 2363 333 2402; x_wconf 93' lang='lat' dir='ltr'>lib.</span> <span class='ocrx_word' id='word_1_306' title='bbox 352 2369 389 2400; x_wconf 91' lang='lat' dir='ltr'>et</span> <span class='ocrx_word' id='word_1_307' title='bbox 407 2377 451 2400; x_wconf 84' lang='lat' dir='ltr'>ex</span> <span class='ocrx_word' id='word_1_308' title='bbox 470 2363 536 2401; x_wconf 89' lang='lat' dir='ltr'>lib.</span> <span class='ocrx_word' id='word_1_309' title='bbox 555 2375 591 2400; x_wconf 88' lang='lat' dir='ltr'>v.</span> <span class='ocrx_word' id='word_1_310' title='bbox 610 2363 766 2414; x_wconf 72' lang='lat' dir='ltr'>patebit,</span> <span class='ocrx_word' id='word_1_311' title='bbox 785 2362 909 2415; x_wconf 87' lang='lat' dir='ltr'>estque</span> <span class='ocrx_word' id='word_1_312' title='bbox 929 2364 1181 2415; x_wconf 82' lang='lat' dir='ltr'>tyrannicum.</span> 
     </span>
    </p>
   </div>
   <div class='ocr_carea' id='block_1_6' title="bbox 664 2469 993 2524">
    <p class='ocr_par' dir='ltr' id='par_1_7' title="bbox 664 2469 993 2524">
     <span class='ocr_line' id='line_1_34' title="bbox 664 2469 993 2524; baseline 0.006 -15"><span class='ocrx_word' id='word_1_313' title='bbox 664 2469 730 2509; x_wconf 88' lang='lat' dir='ltr'>Ad</span> <span class='ocrx_word' id='word_1_314' title='bbox 747 2471 835 2524; x_wconf 83' lang='lat' dir='ltr'>Cap.</span> <span class='ocrx_word' id='word_1_315' title='bbox 841 2470 993 2523; x_wconf 79' lang='lat' dir='ltr'>sextum.</span> 
     </span>
    </p>
   </div>
   <div class='ocr_carea' id='block_1_7' title="bbox 137 2555 1551 2920">
    <p class='ocr_par' dir='ltr' id='par_1_8' title="bbox 137 2555 1551 2871">
     <span class='ocr_line' id='line_1_35' title="bbox 190 2555 1519 2612; baseline 0.002 -16"><span class='ocrx_word' id='word_1_316' title='bbox 190 2557 334 2596; x_wconf 85' lang='lat' dir='ltr'>Statuit</span> <span class='ocrx_word' id='word_1_317' title='bbox 359 2561 416 2595; x_wconf 89' lang='lat' dir='ltr'>tot</span> <span class='ocrx_word' id='word_1_318' title='bbox 443 2555 511 2594; x_wconf 81' lang='lat' dir='ltr'>effe</span> <span class='ocrx_word' id='word_1_319' title='bbox 537 2556 800 2603; x_wconf 85' lang='lat' dir='ltr'>Democratiae‚</span> <span class='ocrx_word' id='word_1_320' title='bbox 829 2564 923 2608; x_wconf 88' lang='lat' dir='ltr'>quot</span> <span class='ocrx_word' id='word_1_321' title='bbox 952 2557 1183 2610; x_wconf 80' lang='lat' dir='ltr'>Oligarchiae</span> <span class='ocrx_word' id='word_1_322' title='bbox 1209 2571 1356 2612; x_wconf 72' lang='lat' dir='ltr'>genera,</span> <span class='ocrx_word' id='word_1_323' title='bbox 1383 2573 1519 2612; x_wconf 86' lang='lat' dir='ltr'>nempe</span> 
     </span>
     <span class='ocr_line' id='line_1_36' title="bbox 139 2621 1518 2675; baseline 0.001 -13"><span class='ocrx_word' id='word_1_324' title='bbox 139 2622 331 2674; x_wconf 86' lang='lat' dir='ltr'>utriusque</span> <span class='ocrx_word' id='word_1_325' title='bbox 364 2627 536 2673; x_wconf 91' lang='lat' dir='ltr'>quatuor.</span> <span class='ocrx_word' id='word_1_326' title='bbox 591 2621 761 2660; x_wconf 87' lang='lat' dir='ltr'>Primum</span> <span class='ocrx_word' id='word_1_327' title='bbox 798 2622 900 2661; x_wconf 88' lang='lat' dir='ltr'>enim</span> <span class='ocrx_word' id='word_1_328' title='bbox 933 2621 1183 2662; x_wconf 86' lang='lat' dir='ltr'>Democratiae</span> <span class='ocrx_word' id='word_1_329' title='bbox 1220 2637 1337 2674; x_wconf 81' lang='lat' dir='ltr'>genus</span> <span class='ocrx_word' id='word_1_330' title='bbox 1366 2638 1449 2675; x_wconf 87' lang='lat' dir='ltr'>cap.</span> <span class='ocrx_word' id='word_1_331' title='bbox 1479 2639 1518 2675; x_wconf 89' lang='lat'>4.</span> 
     </span>
     <span class='ocr_line' id='line_1_37' title="bbox 137 2686 1520 2740; baseline 0.003 -14"><span class='ocrx_word' id='word_1_332' title='bbox 137 2687 364 2740; x_wconf 74' lang='lat' dir='ltr'>explicatum</span> <span class='ocrx_word' id='word_1_333' title='bbox 394 2687 496 2738; x_wconf 87' lang='lat' dir='ltr'>quafi</span> <span class='ocrx_word' id='word_1_334' title='bbox 524 2686 688 2733; x_wconf 90' lang='lat' dir='ltr'>nullum,</span> <span class='ocrx_word' id='word_1_335' title='bbox 710 2687 819 2738; x_wconf 89' lang='lat' dir='ltr'>(quia</span> <span class='ocrx_word' id='word_1_336' title='bbox 845 2688 1062 2727; x_wconf 86' lang='lat' dir='ltr'>inufitatum</span> <span class='ocrx_word' id='word_1_337' title='bbox 1087 2696 1123 2728; x_wconf 89' lang='lat' dir='ltr'>et</span> <span class='ocrx_word' id='word_1_338' title='bbox 1152 2689 1371 2728; x_wconf 87' lang='lat' dir='ltr'>rariffimum</span> <span class='ocrx_word' id='word_1_339' title='bbox 1393 2692 1435 2729; x_wconf 83' lang='lat' dir='ltr'>fit</span> <span class='ocrx_word' id='word_1_340' title='bbox 1454 2693 1520 2730; x_wconf 90' lang='lat' dir='ltr'>ad-</span> 
     </span>
     <span class='ocr_line' id='line_1_38' title="bbox 142 2747 1523 2804; baseline 0.002 -12"><span class='ocrx_word' id='word_1_341' title='bbox 142 2763 254 2792; x_wconf 73' lang='lat' dir='ltr'>vena·</span> <span class='ocrx_word' id='word_1_342' title='bbox 273 2747 386 2791; x_wconf 71' lang='lat' dir='ltr'>etiam</span> <span class='ocrx_word' id='word_1_343' title='bbox 405 2758 443 2789; x_wconf 88' lang='lat' dir='ltr'>et</span> <span class='ocrx_word' id='word_1_344' title='bbox 460 2751 666 2802; x_wconf 86' lang='lat' dir='ltr'>inquilinos</span> <span class='ocrx_word' id='word_1_345' title='bbox 686 2751 884 2803; x_wconf 86' lang='lat' dir='ltr'>imperare)</span> <span class='ocrx_word' id='word_1_346' title='bbox 904 2754 1172 2804; x_wconf 82' lang='lat' dir='ltr'>praetermittit.</span> <span class='ocrx_word' id='word_1_347' title='bbox 1228 2755 1375 2793; x_wconf 88' lang='lat' dir='ltr'>Deinde</span> <span class='ocrx_word' id='word_1_348' title='bbox 1401 2757 1523 2796; x_wconf 87' lang='lat' dir='ltr'>reddit</span> 
     </span>
     <span class='ocr_line' id='line_1_39' title="bbox 142 2816 1551 2871; baseline 0.004 -15"><span class='ocrx_word' id='word_1_349' title='bbox 142 2817 337 2864; x_wconf 81' lang='lat' dir='ltr'>rationem,</span> <span class='ocrx_word' id='word_1_350' title='bbox 355 2829 422 2856; x_wconf 87' lang='lat' dir='ltr'>cur</span> <span class='ocrx_word' id='word_1_351' title='bbox 449 2816 489 2855; x_wconf 89' lang='lat' dir='ltr'>in</span> <span class='ocrx_word' id='word_1_352' title='bbox 516 2816 769 2856; x_wconf 83' lang='lat' dir='ltr'>Democratiae</span> <span class='ocrx_word' id='word_1_353' title='bbox 795 2818 991 2869; x_wconf 84' lang='lat' dir='ltr'>generibus</span> <span class='ocrx_word' id='word_1_354' title='bbox 1019 2819 1141 2871; x_wconf 88' lang='lat' dir='ltr'>priora</span> <span class='ocrx_word' id='word_1_355' title='bbox 1170 2819 1251 2859; x_wconf 83' lang='lat' dir='ltr'>ideo</span> <span class='ocrx_word' id='word_1_356' title='bbox 1277 2820 1448 2861; x_wconf 83' lang='lat' dir='ltr'>differant</span> <span class='ocrx_word' id='word_1_357' title='bbox 1475 2824 1525 2864; x_wconf 66' lang='lat' dir='ltr'>ah</span> <span class='ocrx_word' id='word_1_358' title='bbox 1549 2847 1551 2851; x_wconf 36' lang='grc' dir='ltr'><strong><em>ι</em></strong></span> 
     </span>
    </p>

    <p class='ocr_par' dir='ltr' id='par_1_9' title="bbox 376 2879 851 2920">
     <span class='ocr_line' id='line_1_40' title="bbox 376 2879 851 2920; baseline 0.002 -1"><span class='ocrx_word' id='word_1_359' title='bbox 376 2879 381 2887; x_wconf 81' lang='grc'><em>“</em></span> <span class='ocrx_word' id='word_1_360' title='bbox 826 2883 851 2920; x_wconf 80' lang='lat' dir='ltr'>d</span> 
     </span>
    </p>
   </div>
  </div>
 </body>
</html>
