1846 3250
343 218 731 266 POLITICORUM
755 217 1124 260 ARISTOTELIS.
1152 218 1186 257 1.
1218 227 1254 270 7.
1472 213 1514 255 ἰι

117 339 296 393 χορηγίας,
332 336 509 376 infirmita
542 339 770 378 commeatu,
807 339 846 371 et
883 330 1112 383 adjumentis
1149 342 1194 367 ao
1228 328 1371 366 viribus
1403 327 1514 373 freta,

112 404 283 442 ‘maxime
301 398 378 441 'vim
400 402 519 440 facere
538 401 654 453 poflit.
708 400 806 438 Item
835 399 935 449 quod
954 409 1108 448 aequum
1125 397 1169 434 stt
1188 395 1364 432 virtutem
1388 394 1510 445 impe-

112 481 223 506 rare:
255 474 294 505 at
319 467 437 504 virtus
455 467 527 504 five
546 463 757 516 praestantia
775 463 965 513 quaedam,
983 469 1020 499 et
1038 458 1232 511 pugnandi
1253 457 1361 495 foelix
1381 459 1510 495 dexte-

118 533 208 571 ritas
235 533 285 570 est
313 533 352 570 in
382 531 535 576 victore,
554 543 640 581 quae
657 542 731 569 non
750 528 800 566 est
820 528 858 565 in
879 526 991 564 vi6‘to.
1049 526 1118 564 Sed
1148 524 1332 575 sapienter
1359 529 1507 561 contro-

116 600 269 636 versiam
296 598 443 636 dirimit
461 596 690 640 Aristoteles,
709 607 798 632 cum
818 594 870 631 ait
888 592 1060 630 bellicam
1087 590 1300 628 servitutem
1330 602 1374 626 ex
1400 595 1506 639 parte
1517 597 1659 646 Sertfitus

113 663 252 715 justam
273 663 339 702 effe
356 671 394 701 et
409 663 611 701 secundum
640 661 746 711 quid,
776 666 959 710 quatenus
983 658 1121 696 scilicet
1139 657 1219 708 lege
1239 655 1449 700 communi,
1467 662 1504 692 et
1515 640 1631 724 ῗξέὲίξζ
1645 641 1714 715 [ἕξ.

114 729 199 780 jure
218 730 403 780 gentium,
421 728 521 778 quod
543 728 612 764 hoc
630 727 712 763 loco
729 728 790 768 τῆζ
809 725 986 774 ὁμολογίας
1014 723 1167 760 nomine
1195 719 1434 771 significatur,
1454 720 1504 758 est
1516 706 1677 776 quaten'us

114 794 345 836 constituta3
374 792 538 830 absolute
559 799 701 835 autem,
718 791 810 834 ὅλως,
829 789 995 826 universe
1021 795 1058 826 et
1088 786 1304 838 {impliciter
1331 799 1406 823 non
1437 772 1727 855 effeffiffigesstzn

114 858 266 910 justam.
323 859 449 896 Primo
484 859 574 909 quia
600 856 679 894 fieri
713 856 841 906 potest,
870 861 913 892 ut
944 855 1082 892 bellum
1114 855 1157 891 fit
1185 852 1362 903 injustum
1379 869 1391 899 ;
1421 858 1610 903 ergojusta.

119 924 302 974 quicquid
321 937 366 962 ex
385 923 453 961 tali
473 923 569 960 bello
587 921 793 971 continget,
812 920 882 958 erit
902 919 1081 969 injustum
1099 936 1109 965 ;
1140 919 1195 957 At
1222 917 1302 956 fieri
1331 918 1446 969 potest
1465 926 1509 955 ut

120 1003 165 1027 ex
184 990 252 1027 tali
271 989 368 1027 bello
387 989 562 1039 sequatur
588 987 758 1032 servitus,
778 987 832 1024 ita
851 995 894 1024 ut
913 987 939 1023 ii
961 986 1026 1036 qui
1054 985 1146 1023 vieii
1175 984 1326 1029 fuerint,
1347 984 1431 1022 aliis
1451 983 1510 1022 in-

115 1053 212 1105 juste
230 1054 486 1106 pugnantibus
513 1053 645 1091 servire
675 1059 858 1102 cogantur
876 1067 884 1090 ε
914 1051 1019 1089 Talis
1049 1051 1166 1101 igitur
1188 1050 1343 1087 servitus
1362 1049 1432 1086 erit
1450 1049 1512 1086 in-

114 1119 227 1170 justa.
283 1121 451 1158 Secundo
479 1120 690 1170 sequeretur
713 1131 842 1155 omnes
871 1117 967 1154 bello
993 1125 1123 1167 captos
1142 1124 1179 1154 et
1197 1116 1313 1153 victos
1337 1114 1421 1166 jure
1442 1114 1511 1153 effe

117 1194 159 1223 et
176 1185 250 1223 dici
268 1187 396 1223 debere
415 1185 533 1222 servos
549 1201 558 1231 ;
589 1191 628 1222 at
648 1186 718 1222 hoc
735 1184 949 1222 absurdum.
1004 1183 1064 1220 Sic
1079 1183 1179 1219 enim
1201 1181 1511 1234 praestantiffimos

122 1250 300 1302 quosque,
319 1250 378 1288 καὶ
408 1250 484 1294 τοὺς
518 1250 790 1297 εὐγενεστάτους,
819 1251 968 1293 virtute,
989 1249 1202 1299 prudentia,
1220 1247 1441 1285 fortitudine
1468 1259 1512 1285 ac

121 1316 265 1369 generis
285 1316 478 1354 nobilitate
497 1315 666 1361 illustres,
686 1316 810 1353 liceret
829 1315 946 1352 servos
965 1314 1163 1365 appellare,
1184 1315 1208 1351 fi
1229 1313 1397 1351 videlicet
1416 1313 1512 1351 bello

119 1382 220 1432 capti
239 1381 377 1424 effent;
408 1382 508 1432 quod
536 1381 618 1418 sane
647 1380 793 1418 videtur
818 1381 1007 1431 iniquum,
1025 1393 1114 1417 cum
1144 1380 1184 1417 hi
1213 1380 1282 1416 fint
1312 1385 1445 1416 natura
1472 1386 1512 1417 et

120 1445 188 1484 suo
206 1447 339 1486 merito
357 1446 462 1484 liberi
483 1459 525 1483 ac
541 1445 700 1512 domini.
755 1445 860 1483 Hinc
878 1452 1046 1495 apparet,
1067 1444 1206 1495 inquit,
1225 1443 1292 1481 effe
1311 1444 1403 1481 alios
1423 1444 1509 1481 ubi·

121 1525 196 1562 que
214 1525 257 1550 ac
278 1511 419 1562 semper
439 1511 569 1556 servos,
589 1511 655 1560 qui
675 1510 811 1548 scilicet
829 1510 920 1548 tales
938 1509 1023 1548 sunt
1041 1517 1176 1548 natura
1184 1526 1194 1556 ;
1224 1509 1316 1546 alios
1335 1509 1509 1549 minime.

98 1602 103 1606 -
121 1577 220 1615 Item
251 1577 342 1614 alios
370 1576 436 1613 effe
462 1576 677 1627 simpliciter
694 1589 738 1613 ac
755 1576 893 1626 ubique
921 1574 1074 1619 nobiles,
1093 1575 1184 1612 alios
1204 1577 1272 1624 οὐχ
1298 1578 1431 1619 ἁπλῶς,
1450 1574 1508 1612 sed

119 1650 274 1680 tantum
302 1642 405 1679 domi
433 1641 520 1687 suae,
548 1647 585 1678 et
612 1655 657 1678 ex
685 1647 801 1692 parte,
828 1651 940 1691 atque
967 1640 1156 1691 opinione.
1213 1640 1364 1678 Quibus
1387 1640 1508 1678 verbis
1520 1649 1674 1687 Libertas,
1691 1655 1726 1683 et

121 1710 250 1747 docere
277 1708 439 1747 intendit
462 1708 683 1751 libertatem,
701 1714 738 1744 et
757 1707 981 1751 servitutem,
1001 1706 1235 1744 nobilitatem
1264 1713 1301 1743 et
1330 1705 1506 1756 ignobili·
1520 1692 1670 1725 nobilitas
1685 1703 1706 1726 ²

122 1780 253 1819 tatem,
272 1787 349 1812 non
375 1788 420 1811 ex
447 1773 598 1811 fortuna
615 1780 682 1810 aut
703 1773 813 1819 bello,
833 1773 892 1810 sed
910 1787 955 1809 ex
975 1772 1198 1823 perfectione
1225 1772 1401 1818 naturali,
1420 1785 1511 1823 pru-
1522 1743 1647 1769 vmme‘

123 1840 264 1883 dentia,
292 1829 442 1882 virtutej
472 1848 537 1875 aut
563 1838 757 1875 contrariis
782 1837 849 1875 effe
882 1838 1153 1875 aestimandam.
1210 1837 1310 1875 Quae
1341 1837 1512 1876 doarina

125 1903 378 1955 pulcherrima
406 1903 468 1948 est,
495 1910 531 1940 et
561 1903 600 1940 in
629 1903 790 1940 Ethnico
819 1902 1040 1953 philosopho
1067 1902 1300 1946 admiranda,
1320 1903 1511 1954 principa-

124 1975 208 2004 tum
228 1976 265 2005 et
283 1969 515 2006 nobilitatem
543 1970 589 2006 ad
617 1968 856 2019 prudentiam
885 1975 923 2005 et
950 1968 1127 2005 virtutem
1156 1966 1347 2007 referente.
1402 1968 1511 2007 Licet

125 2032 286 2084 idipsum
306 2033 481 2084 satyricus
501 2041 608 2084 poeta
628 2033 814 2072 cecinerit.

232 2099 319 2136 Tota
339 2099 415 2137 licet
433 2108 563 2137 veteres
582 2108 740 2136 exornent
757 2099 905 2151 undique
921 2112 1008 2136 cerae
1519 2110 1695 2143 juvenalis.

230 2164 338 2202 Atria
352 2181 362 2210 3
395 2164 568 2202 Nobilitas
571 2165 651 2215 stila
669 2165 714 2214 cst
732 2171 835 2216 atque
854 2165 954 2202 unica
973 2165 1103 2204 virtus.

123 2228 330 2266 Concludit
361 2230 461 2266 inter
486 2231 683 2267 dominum
712 2237 750 2267 et
775 2229 920 2267 servum
949 2237 1083 2268 natura
1111 2230 1318 2269 amicitiam
1347 2231 1511 2283 reperiri,

123 2307 440 2344 communemque
467 2295 668 2332 utilitatem
683 2311 694 2342 ;
724 2295 820 2333 nihil
839 2302 964 2332 autem
985 2296 1059 2333 tale
1078 2295 1174 2333 inter
1193 2297 1364 2334 dominos
1383 2304 1421 2335 et
1438 2297 1510 2335 ser-

125 2372 192 2397 vos
210 2373 255 2396 ex
275 2360 383 2405 bello,
402 2361 462 2398 κοιὶ
482 2358 580 2398 κριτοὶ
598 2361 700 2407 νόμον,
720 2360 811 2411 quia
835 2373 969 2411 nempe
1000 2361 1086 2404 illis,
1105 2374 1179 2398 non
1209 2362 1280 2407 his,
1302 2369 1436 2400 natura
1463 2364 1511 2402 fic
1522 2361 1666 2413 Sei-vitu?

123 2423 322 2469 consuluit,
342 2432 385 2461 ut
404 2432 607 2474 utrumque
625 2424 783 2462 suaviter
798 2425 1014 2476 utiliterque
1031 2425 1265 2476 conjunxerit
1281 2444 1291 2474 3
1322 2427 1415 2465 dum
1442 2427 1511 2466 sci·
1523 2406 1685 2489 &angla

123 2489 213 2526 ticet
233 2489 434 2539 imperium
454 2490 598 2526 domini
619 2489 683 2539 ipfi
703 2490 856 2528 domino
874 2491 1129 2535 commodum,
1147 2498 1184 2529 et
1203 2491 1415 2530 servitutem
1445 2494 1510 2545 ipfi
1522 2492 1623 2525 utilis.

121 2553 224 2592 servo
250 2555 384 2591 utilem
414 2554 587 2600 instituit,
608 2556 697 2592 adeo
724 2562 768 2592 ut
789 2554 1028 2606 justiffimum
1049 2558 1092 2594 fit
1112 2565 1150 2596 et
1167 2558 1320 2608 utrique
1347 2559 1511 2599 maxime

123 2618 427 2664 consentaneum,
446 2625 489 2656 ut
506 2619 566 2656 hic
584 2620 728 2666 serviat,
749 2620 812 2658 ille
830 2621 1000 2672 imperet.

622 2727 688 2766 Ad
707 2728 794 2780 Cap.
801 2730 999 2781 fiptimum.

178 2814 332 2859 Statuit,
359 2812 416 2856 τὴν
449 2814 661 2859 &teotoniam
681 2815 740 2853 noti
770 2815 958 2863 πολιτικὴν,
983 2818 1183 2869 imperium
1203 2818 1318 2858 herile
1342 2827 1378 2858 et
1405 2822 1515 2861 civile

125 2878 293 2924 differre;
323 2880 424 2931 quod
451 2880 560 2919 civile
587 2881 631 2919 fit
657 2893 785 2922 eorum
805 2882 872 2935 qui
893 2889 1026 2920 natura
1046 2882 1131 2921 sunt
1150 2884 1283 2933 liberi5
1312 2886 1426 2926 herile
1446 2901 1514 2926 au-
