1904 3308
441 218 492 257 lvi
826 223 1067 263 SYNOPSIS
1095 214 1412 264 ANALYTICA

234 327 432 375 Magistratus
443 328 581 365 caeteris
599 342 692 373 vero,
714 331 987 381 Magistratibus
1015 334 1083 369 five
1112 332 1137 369 ii
1164 333 1231 369 fint
1260 333 1394 382 αἱρετοὶ,
1412 333 1516 378 εἶεᾶὶ,
1535 335 1602 372 five
1620 333 1790 386 κληρωτοὶ,

233 369 420 445 ζῖιέἷξῐῇῖο·
430 391 547 440 sortito
553 390 663 438 faeti,
681 399 717 433 et
736 394 781 430 sic
798 393 864 431 effe
891 395 1187 433 Aristocraticum
1216 395 1403 438 Senatum,
1423 395 1477 432 vel
1506 397 1713 440 Ponticum,
1731 398 1789 434 vel

234 453 284 483 vel
297 454 412 484 sortito.
444 467 488 491 ex
505 462 660 504 utroque
681 456 839 494 mistum.
899 456 973 493 Effe
1000 470 1083 493 vero
1112 465 1198 494 tunc
1225 458 1537 503 Aristocraticum,
1555 460 1701 508 quando
1719 459 1792 495 ele-

443 517 562 563 &ione
591 525 626 555 et
657 519 832 569 suffragiis
858 521 1091 569 designantur
1121 520 1376 570 magistratus:
1408 522 1616 567 Politicum,
1643 523 1790 572 quando

444 580 569 618 sortito
599 590 791 628 creantur3
825 583 985 626 mistum,
1002 596 1087 632 curn
1108 591 1260 632 utroque
1279 585 1398 621 modo.
1462 584 1658 621 Rationem
1685 596 1792 634 porro

443 645 651 694 defignandi
680 645 803 682 sortito
835 647 1064 696 magistratus
1097 647 1266 684 celebrari
1298 646 1452 692 solitam,
1484 648 1540 685 vel
1571 649 1793 698 simpliciter,

445 712 583 754 ἁπλῶςς
614 715 657 746 ut
674 721 757 745 cum
778 710 879 745 nullo
897 710 1024 747 habito
1040 710 1182 747 delee'tu
1200 710 1489 756 candidatorum,
1508 723 1631 748 eorum
1659 711 1794 748 scillcet

446 770 510 820 qui
539 771 728 807 ambibant
750 773 964 820 petebantve
993 772 1236 821 magistratuS,
1263 773 1412 810 nomina
1431 773 1558 810 omnia
1578 775 1649 810 fine
1667 773 1792 811 discri-

447 834 544 870 mine
566 834 602 870 in
622 847 751 870 urnam
772 834 1077 883 conjiciebantur:
1109 836 1163 872 vel
1182 850 1224 872 ex
1243 836 1389 873 deleEtis
1407 836 1466 874 seu
1485 837 1643 887 praelatis
1663 841 1696 874 ἐκ
1716 854 1793 888 προ-

446 899 570 947 κρίτων,
590 904 632 934 ut
650 911 734 934 cum
754 905 949 947 antequam
980 898 1048 935 sors
1081 900 1281 944 duceretur,
1302 900 1430 937 eximii
1457 901 1597 950 aliquot
1617 901 1685 938 viri
1702 901 1794 938 deli-

446 962 636 1010 gebantur,
656 974 812 1011 quorum
833 962 984 998 nomina
1012 963 1050 998 in
1074 976 1205 1000 urnam
1234 961 1530 1012 conjiciebantur.
1585 964 1657 1000 His
1675 964 1793 1013 expli-

447 1024 537 1061 catis
565 1024 668 1073 ponit
696 1031 876 1074 praecepta
905 1025 1158 1062 Democratica
1177 1033 1213 1063 et
1231 1025 1477 1075 Oligarchica‚
1497 1027 1595 1076 quod
1623 1028 1679 1064 hae
1703 1026 1792 1064 Res-

448 1086 604 1136 publicae
623 1086 684 1124 suo
703 1094 865 1137 tempore
889 1087 997 1124 effent
1024 1088 1234 1127 usitatiores.
1288 1089 1451 1126 Primum
1478 1090 1791 1134 Democraticum,

237 1145 395 1185 Praecepta
447 1150 571 1186 debere
588 1149 663 1187 fieri
685 1150 721 1187 in
742 1151 875 1188 Senatu
892 1151 1148 1188 Democratico
1164 1152 1233 1188 five
1252 1151 1290 1188 in
1309 1152 1465 1189 consiliis
1483 1153 1715 1202 conciliisque
1729 1166 1794 1204 po-

236 1188 410 1262 gffffoc‘a'
447 1212 648 1261 pularibus‚
667 1214 765 1262 quod
785 1213 821 1250 in
842 1214 1055 1263 Oligarchia
1073 1213 1113 1251 fit
1133 1215 1170 1250 in
1185 1213 1339 1262 judicio,
1367 1215 1403 1251 id
1431 1216 1494 1258 est,
1514 1217 1713 1253 mercedem
1740 1223 1795 1253 te-

446 1276 650 1320 nuioribus,
668 1284 710 1313 ut
729 1277 773 1313 ad
791 1278 943 1314 comitia
959 1277 1124 1323 veniant;
1147 1279 1303 1315 multam
1318 1279 1523 1323 ditioribus,
1543 1279 1606 1316 nisi
1625 1280 1796 1318 conveni-

446 1345 510 1376 ant
527 1340 651 1376 debere
666 1340 820 1377 decerni.
850 1341 976 1389 Atque
996 1342 1063 1377 hoc
1083 1347 1307 1390 praeceptum
1324 1341 1568 1378 Democratiae
1588 1342 1642 1379 illi
1663 1342 1700 1379 in
1721 1356 1796 1392 qua

447 1404 605 1454 populus
633 1402 695 1440 suo
722 1404 897 1440 arbitratu
926 1403 1134 1454 legibusque
1164 1403 1289 1453 spretis
1316 1404 1442 1441 omnia
1471 1405 1564 1454 gerit
1582 1411 1617 1441 et
1636 1406 1798 1443 admini-

448 1461 547 1512 strat,
579 1467 644 1504 effe
673 1467 774 1504 valde
803 1467 1048 1505 necessarium.
1102 1468 1307 1504 Secundum
1338 1467 1512 1517 quosdam
1541 1467 1711 1519 suffragio
1737 1470 1796 1507 vel

448 1531 538 1568 sorte
557 1531 621 1567 effe
640 1531 916 1574 constituendos,
944 1531 1008 1581 qui
1036 1532 1080 1568 de
1109 1532 1313 1581 Republica
1339 1532 1561 1569 deliberent:
1593 1532 1645 1570 ita
1673 1539 1795 1570 tamen

448 1600 491 1632 ut
511 1608 582 1631 non
605 1595 722 1644 plures
742 1606 785 1630 ex
804 1594 979 1631 divitibus
999 1607 1109 1643 quarn
1130 1596 1263 1644 egenis,
1283 1594 1339 1632 sed
1358 1608 1401 1631 ex
1421 1596 1591 1632 omnibus
1609 1596 1797 1633 ordinibus

449 1657 676 1706 aequabiliter
704 1657 939 1694 assumantur.
994 1658 1156 1693 Primum
1185 1657 1478 1707 Oligarchicum,
1508 1659 1634 1695 debere
1663 1659 1700 1696 in
1733 1660 1796 1696 Se-

239 1727 397 1798 grlaecepss
450 1728 539 1756 natu
558 1721 793 1769 Oligarchico
812 1720 984 1769 quosdam
1006 1733 1027 1756 a
1046 1720 1148 1769 plebe
1166 1721 1276 1770 deligi
1292 1737 1303 1767 ς
1334 1720 1389 1756 vel
1409 1721 1520 1757 etiarn
1541 1721 1794 1770 magistratum

285 1778 364 1807 igarc
391 1778 415 1797 ι-

242 1821 292 1842 ca.
449 1788 560 1823 creari
581 1788 795 1837 (προβούλους
826 1794 968 1830 vocant,
997 1787 1100 1822 rebus
1130 1794 1212 1822 ante
1244 1787 1482 1823 deliberandis
1510 1786 1712 1836 praefectos,
1740 1788 1796 1825 vel

452 1852 693 1900 νομοφύλακας,
713 1851 811 1899 quasi
844 1851 965 1899 legum
993 1857 1027 1886 et
1055 1850 1190 1886 confilii
1219 1850 1394 1897 custodes)
1418 1850 1482 1899 qui
1513 1863 1598 1887 cum
1623 1851 1667 1888 de
1692 1852 1797 1890 rebus

450 1915 563 1964 primi
590 1913 726 1963 solique
753 1913 1040 1953 deliberaverint,
1059 1913 1252 1949 deliberata
1279 1920 1314 1949 et
1341 1913 1472 1950 statuta
1499 1912 1653 1950 referant
1670 1915 1715 1951 ad
1731 1927 1799 1964 po-

451 1980 595 2029 pulum,
623 1986 678 2016 ut·
693 1977 800 2014 fiebat
827 1977 972 2019 Romae,
991 1989 1062 2013 non
1088 1977 1183 2026 quafi
1204 1989 1225 2012 a
1243 1977 1378 2031 populo
1397 1976 1625 2014 rescindenda
1643 1984 1706 2014 aut
1726 1978 1798 2014 im-

452 2043 762 2092 probandazqhoc
791 2041 889 2078 enim
918 2039 999 2077 ess'et
1028 2040 1351 2085 Democraticu1n5
1381 2040 1438 2076 sed
1470 2040 1502 2076 ei
1531 2041 1727 2089 prudenter
1756 2055 1799 2079 ac

453 2108 610 2157 benigne
637 2107 863 2153 declaranda,
890 2112 933 2142 ut
963 2107 1031 2142 hac
1061 2113 1137 2142 arte
1164 2105 1391 2142 consiliorum
1420 2105 1648 2154 publicorum
1680 2107 1798 2144 sanstus

456 2172 650 2221 particeps,
671 2170 764 2206 nihil
791 2176 933 2206 contra*
942 2169 1170 2218 Reipublicae
1191 2168 1322 2205 statum
1343 2169 1527 2206 moliatur.
1581 2168 1802 2215 Secundum,

456 2236 584 2271 debere
601 2233 811 2283 potestatem
838 2233 1059 2269 deliberandi
1081 2232 1250 2268 omnibus
1278 2233 1323 2268 ad
1350 2232 1631 2281 Rempublicam
1659 2234 1801 2271 aditum

459 2298 673 2335 habentibus
705 2296 894 2347 permitti3
928 2296 1105 2332 statuendi
1136 2308 1232 2341 vero,
1265 2295 1346 2332 solis
1378 2295 1659 2345 magistratibus.
1711 2298 1803 2335 Ter-

460 2362 555 2398 tiu'm
587 2359 790 2398 absolvendi
818 2359 1019 2408 potentiam
1050 2358 1492 2401 multis>concedendam3
1519 2361 1801 2407 condemnandi,

461 2424 544 2461 solis
573 2423 865 2473 magistratibus:
897 2422 994 2472 quod
1023 2422 1204 2459 contrario
1231 2422 1339 2459 modo
1366 2422 1403 2459 in
1431 2421 1576 2472 speciali
1600 2423 1804 2474 Republica

461 2492 539 2529 fieri
557 2491 655 2530 solet.

876 2617 944 2655 -Ad
962 2618 1047 2669 Cap.
1065 2617 1386 2668 decimumqiaintum.

516 2737 626 2777 Dixit
645 2735 815 2786 superiori
842 2735 960 2785 capite
978 2735 1021 2771 de
1041 2735 1174 2775 Senatu
1200 2735 1269 2771 five
1295 2734 1458 2785 principe
1476 2735 1539 2772 illa
1557 2740 1659 2785 parte
1678 2736 1808 2774 civita-

464 2802 525 2846 tis,
543 2814 627 2854 quae
652 2799 879 2841 consultandi
899 2811 941 2835 ac
958 2797 1177 2860 deliberandi
1194 2798 1238 2835 de
1256 2798 1426 2838 omnibus
1454 2798 1663 2850 potestatem
1687 2800 1807 2844 habet,
