1904 3308
452 239 498 263 xe
839 229 1082 268 SYNOPSIS
1107 228 1429 269 ANALYTICA

449 332 647 372 versantur.
675 333 809 374 Virum
828 338 965 375 bonum
985 337 1077 376 reete
1095 343 1131 375 et
1150 336 1327 387 sapienter
1339 338 1395 374 uti
1409 341 1622 388 paupertate
1640 339 1676 371 et
1695 344 1793 369 mor-

450 395 511 440 bo,
538 397 623 436 licet
653 400 833 437 contraria
862 402 1122 438 beatitudinem
1153 402 1387 452 comitentur,
1439 401 1585 450 Nempe
1615 397 1702 447 quia
1735 395 1794 432 vir

450 457 568 496 bonus
600 474 828 512 quaecunque
857 465 952 500 bona
979 465 1099 508 habet,
1116 477 1158 501 ea
1183 477 1246 514 per
1272 464 1443 501 virtutem
1467 463 1557 500 facit
1582 459 1794 510 simpliciter

449 523 557 561 bona.
612 525 715 562 Bona
746 531 906 569 externa,
936 539 1010 563 non
1041 527 1108 564 effe
1137 527 1258 564 causas
1288 526 1536 568 beatitudinis,
1570 524 1627 562 sed
1661 523 1790 560 instru-

450 594 576 623 menta
605 587 789 624 civitatis:
822 589 1049 638 opulentiam
1081 597 1118 627 et
1151 591 1274 640 copias
1307 589 1464 627 fortunae
1495 588 1583 634 effe5
1615 588 1789 624 virtutem

449 662 534 687 vero
551 657 586 686 et
603 651 803 688 bonitatem
824 651 980 690 scientiae
997 658 1034 689 et
1049 653 1198 691 confilii.
1240 653 1319 690 Effe
1337 666 1419 690 vero
1436 652 1621 689 civitatem
1640 651 1792 691 bonam,

450 713 477 750 fi
504 714 599 751 cives
628 727 766 758 omnes,
795 716 860 764 qui
892 717 1212 754 administrationis
1245 717 1377 754 debent
1404 716 1469 754 effe
1495 715 1685 757 consortes,
1704 711 1792 749 boni

450 777 530 814 smt.
584 778 641 815 Ut
666 791 793 815 omnes
820 778 915 816 cives
941 781 1029 817 boni
1057 781 1124 817 fint
1149 781 1348 826 collective,
1365 782 1488 818 debere
1507 778 1662 828 singulos
1680 778 1793 813 bonos

239 837 426 922 εἴξωσι,
449 839 516 877 effe
544 840 782 879 distributive,
835 841 930 879 Fieri
959 850 1082 881 autem
1117 845 1243 889 bonos,
1272 852 1416 889 natura,
1442 841 1708 885 consuetudine,
1735 852 1791 876 ra-

330 903 339 913 ’
449 905 559 942 tione.

866 1011 928 1048 Ad
947 1011 1031 1064 Cap.
1043 1011 1373 1064 decimumquartum.

500 1095 595 1145 Agit
611 1095 655 1132 de
671 1094 864 1146 disciplina
889 1097 1040 1134 civium.
1094 1097 1231 1135 Statuit
1257 1098 1351 1134 inter
1368 1110 1427 1135 eos
1445 1097 1572 1134 debere
1589 1095 1655 1133 effe
1674 1096 1791 1146 impe-

449 1158 553 1196 randi
576 1166 613 1196 et
639 1161 789 1209 parendi
817 1160 1090 1198 viciffitudinem
1109 1175 1118 1197 :
1147 1162 1348 1198 dummodo
1367 1161 1434 1197 fint
1461 1160 1578 1197 idonei
1598 1172 1638 1197 ac
1658 1160 1792 1196 virtute

448 1223 668 1273 praestantesl.
722 1223 762 1261 Ν
766 1223 804 1260 ifi
824 1223 915 1261 forte
931 1237 1026 1262 unus
1044 1224 1176 1273 aliquis
1192 1224 1274 1261 effet
1293 1230 1395 1261 tanto
1411 1224 1547 1260 virtute
1563 1230 1599 1260 et
1619 1223 1792 1273 sapientia

445 1288 584 1325 caeteris
621 1287 794 1338 superior,
827 1296 966 1338 quanto
1001 1289 1067 1326 Dii
1100 1296 1136 1326 et
1171 1290 1308 1326 Heroes
1350 1289 1559 1326 hominibus
1603 1286 1787 1336 praestant.

446 1351 619 1401 AEquum
647 1351 714 1402 effe
738 1359 779 1389 ut
806 1351 956 1389 seniores
984 1352 1175 1402 imperent,
1189 1351 1352 1401 juniores
1378 1359 1541 1402 pareant.
1594 1351 1726 1399 Neque
1754 1350 1791 1386 id

446 1426 543 1464 aegre
569 1415 660 1453 ferre
690 1416 816 1453 debere
841 1415 1029 1466 juniores:
1060 1416 1125 1466 qui
1155 1429 1239 1453 cum
1265 1415 1399 1466 justam
1423 1423 1567 1452 aetatem
1588 1415 1790 1463 attigerint,

240 1482 423 1534 aesvpim—m·
447 1477 692 1529 imperabunt.
748 1480 849 1517 Prius
869 1480 1067 1530 parendum
1088 1493 1199 1530 quam
1220 1480 1487 1530 imperandum.
1542 1479 1673 1516 Animi
1700 1478 1791 1514 duas

239 1533 416 1611 {gazz-
446 1542 514 1580 effe
540 1550 671 1593 partes,
689 1543 916 1587 rationalem,
943 1550 978 1580 et
1006 1543 1156 1580 rationis
1182 1550 1378 1593 expertem.
1431 1542 1538 1579 Illam
1567 1543 1692 1579 debere
1719 1541 1791 1578 im-

239 1610 365 1662 x827m[
447 1619 583 1656 perare,
603 1607 696 1644 hanc
714 1607 873 1657 obsequi.
927 1608 1076 1657 Semper
1093 1607 1192 1644 enim
1213 1607 1310 1656 quod
1335 1606 1489 1643 deterius
1515 1605 1575 1648 est,
1604 1604 1681 1654 ejus
1706 1617 1791 1654 gra·

239 1653 373 1739 2:222?
446 1671 501 1707 tia
517 1670 596 1715 e-ffe,
616 1672 714 1720 quod
734 1671 862 1708 melius
881 1671 940 1708 est.
995 1671 1230 1708 Rationalem
1256 1670 1322 1707 effe
1346 1670 1612 1713 Theoreticam‚
1631 1669 1686 1705 vel
1707 1681 1791 1718 pra-

447 1734 593 1774 &icanm
645 1735 773 1772 Vitam
792 1748 940 1772 omnem
958 1734 1023 1772 effe
1040 1735 1191 1771 divisam
1221 1735 1258 1771 in
1284 1734 1472 1783 negotium
1499 1740 1536 1770 et
1562 1734 1693 1776 otium,
1713 1732 1789 1768 bel·

447 1799 526 1836 lum
553 1806 589 1836 et
616 1812 755 1850 pacem.
810 1796 1012 1844 Atffion'um
1041 1800 1129 1836 alias
1157 1798 1222 1835 effe
1249 1797 1453 1835 necess'arias
1477 1803 1513 1833 et
1539 1797 1673 1838 utiles;
1702 1796 1790 1833 alias

447 1863 610 1901 honestas
628 1879 637 1900 :
667 1863 747 1900 illas
763 1862 829 1900 effe
846 1871 994 1913 propter
1010 1864 1087 1907 has,
1104 1870 1145 1900 ut
1165 1869 1304 1913 partem
1324 1861 1439 1898 animi
1468 1860 1686 1904 inferiorem,
1707 1873 1790 1910 pro·

239 1939 365 1977 Bellum
380 1943 421 1974 οἱ,
447 1934 529 1978 pter
557 1926 786 1977 superiorem.
840 1927 926 1964 Ideo
956 1926 1091 1963 bellum
1127 1926 1390 1976 suscipiendum
1426 1924 1491 1961 effe
1525 1924 1625 1973 pacis
1657 1923 1789 1973 gratia,

238 1996 351 2037 PPCFm
367 1986 428 2017 sus.
447 1990 636 2041 negotium
663 1990 743 2028 otii.
795 1991 845 2028 Et
873 1991 1050 2040 quicquid
1073 1990 1128 2034 fit,
1149 1991 1194 2027 ad
1212 1990 1320 2027 finem
1347 1989 1532 2026 honestum
1552 1994 1588 2025 et
1605 1986 1789 2037 optimum

239 2030 432 2071 mpoendum'
446 2055 510 2093 effi‘.
538 2067 560 2092 a
583 2054 780 2104 legissatore
797 2054 1042 2104 dirigendum.
1097 2054 1146 2091 Et
1163 2054 1208 2090 fic
1227 2066 1354 2103 pueros
1372 2051 1530 2101 aliosque
1560 2050 1624 2100 qui
1651 2049 1791 2087 institui

444 2119 587 2162 debent,
605 2119 670 2155 efle
695 2119 919 2156 erudiendos.
974 2117 1076 2155 Male
1104 2116 1410 2160 Lacedaemonios,
1428 2128 1626 2164 eorumque
1645 2115 1791 2150 Nomo-

444 2184 577 2227 thetas,
606 2183 651 2219 ad
679 2183 830 2226 bellum,
857 2189 895 2219 et
924 2195 1053 2232 opum,
1080 2194 1121 2218 ac
1147 2180 1293 2230 imperii
1317 2178 1638 2229 amplificationem
1665 2178 1791 2215 omnia

444 2246 508 2284 sua
526 2247 690 2301 instituta
709 2247 876 2287 retulisse.
928 2248 1030 2284 Hinc
1056 2247 1153 2283 enim
1172 2259 1244 2283 non
1264 2245 1414 2295 potuiffe
1433 2257 1519 2294 pace
1537 2244 1622 2287 frui,
1640 2242 1698 2279 sed
1717 2243 1790 2279 im-

443 2311 547 2361 perio
566 2312 700 2362 potitos
725 2311 911 2357 occidiffe3
941 2311 1028 2360 quia
1048 2323 1131 2347 cum
1154 2311 1198 2347 ad
1217 2312 1334 2346 otium
1352 2317 1388 2346 et
1405 2321 1530 2359 pacem
1551 2321 1623 2344 non
1643 2306 1790 2343 fuissent

445 2375 615 2419 instituti,
645 2375 797 2411 cessante
825 2375 917 2411 bello
942 2375 1097 2411 nitorem
1125 2373 1230 2412 suum
1258 2381 1294 2410 et
1322 2372 1548 2416 firmitatem,
1566 2370 1690 2420 βαφὴν,
1714 2371 1791 2407 tin-

401 2459 404 2462 ·
445 2438 604 2482 Etutam,
628 2439 794 2482 colorem,
823 2440 1101 2482 immersionem,
1119 2438 1271 2482 Gallice,
1289 2438 1326 2473 la
1348 2447 1478 2487 trempe,
1496 2435 1636 2479 Italice,
1656 2441 1698 2472 ut
1724 2435 1790 2471 ad-

444 2503 555 2541 vertit
579 2504 703 2541 Petrus
732 2503 931 2545 vietori‘us,
958 2503 994 2540 la
1020 2512 1178 2553 tempera,
1195 2502 1439 2552 perdiderunt,
1458 2507 1499 2537 ut
1527 2499 1660 2536 ferrum
1692 2499 1790 2548 quod

445 2568 511 2604 nisi
538 2574 761 2612 exerceatur,
788 2568 995 2617 rubiginem
1023 2567 1219 2604 contrahit.
1273 2566 1376 2603 Hinc
1403 2565 1524 2614 Scipio
1547 2563 1680 2601 Nasica
1697 2564 1789 2600 Car-

445 2632 636 2680 thaginem
661 2632 758 2668 dirui
786 2631 918 2676 noluit,
938 2645 982 2669 ne
1009 2631 1170 2668 Romani
1201 2631 1246 2667 ad
1270 2630 1405 2666 bellum
1433 2628 1511 2665 nati
1537 2628 1613 2664 otio
1638 2634 1674 2663 et
1699 2627 1790 2664 luxu

446 2695 619 2745 perirent,
637 2696 693 2732 vel
713 2694 897 2732 deficiente
914 2704 1061 2732 externo
1079 2695 1188 2738 hoste,
1207 2695 1244 2731 in
1264 2693 1392 2743 seipsos
1409 2704 1510 2730 arma
1529 2697 1790 2730 converterent.

447 2757 574 2796 Quare
590 2759 715 2796 eodem
736 2758 826 2796 vitio
844 2758 1050 2796 laborarunt
1069 2757 1244 2803 Romani,
1263 2770 1337 2807 quo
1355 2755 1536 2808 Spartani.
