1904 3308
321 146 705 223 PomeoRtJM
731 140 1095 189 AmsToTELxs
1122 139 1197 178 111
1230 137 1294 177 16
1423 135 1507 192 anu

127 261 343 314 Tyrannide
369 261 520 299 tandem
548 265 630 300 orta
658 258 715 305 est
735 254 989 299 Democratia,
1017 264 1221 304 paucorum
1245 248 1383 287 scilicet
1401 252 1507 299 pote-

128 327 217 365 state
240 327 432 366 extincta:
462 326 511 364 fic
537 325 638 363 enim
668 322 870 362 multitudo
897 320 1028 358 fortior
1053 317 1153 356 faeta
1181 315 1256 353 est·
1245 331 1256 362 3
1288 327 1373 365 quae
1392 313 1447 350 ita
1465 311 1507 350 in

125 392 349 444 Tyrannum
374 392 518 436 invafit,
536 397 574 428 et
600 388 815 442 popularem
843 387 980 424 statum
1009 381 1247 436 amplificatis
1275 378 1506 422 civitatibus,

127 456 311 507 auetoque
332 456 472 508 populo
493 455 647 500 invexit,
664 461 708 492 ut
725 451 875 492 difficile
894 451 937 488 fit
956 449 1070 488 aliam
1091 447 1264 486 Politiam
1291 456 1407 495 quam
1428 443 1505 480 De-

125 522 363 560 mocraticam
381 521 541 559 existere.

178 588 331 626 Attexit
349 587 560 625 Aristoteles
576 586 668 623 duas
686 583 918 635 quaestiones,
970 579 1074 618 Prior
1095 578 1159 622 est,
1178 591 1227 615 an
1255 576 1370 628 pofito
1393 563 1509 625 regno

126 657 311 702 tanquam
338 652 483 703 optimo
510 650 705 702 regimine,
733 650 863 687 debeat
890 658 1046 697 regnum
1074 643 1142 682 effe
1168 640 1447 681 haereditarium
1469 644 1508 676 et

127 729 151 754 a
170 722 274 767 patre
294 715 333 753 in
352 715 471 753 filium
492 715 709 754 transmitti.
763 713 952 756 Posterior,
971 724 1019 749 an
1039 710 1116 761 regi
1135 715 1179 747 ut
1196 707 1343 746 fortiter
1364 711 1505 757 regnet,

127 795 221 832 opus
238 781 281 819 fit
298 794 488 820 armorum
508 781 557 827 vi,
576 780 637 818 seu
663 779 826 818 custodia
853 791 895 816 ac
922 777 1090 829 praefidio
1118 774 1312 812 militum?
1343 771 1505 809 Priorem

125 846 222 884 clare
252 859 327 884 non
359 846 480 884 solvit.
536 846 621 884 Hoc
653 851 804 883 tantum
834 844 901 889 ait,
929 838 1176 893 perniciosum
1205 838 1284 883 effe,
1308 839 1506 888 degeneres

126 924 256 962 regum
288 911 400 956 filios,
428 917 464 949 et
492 924 515 949 a
544 917 697 962 paterna
726 910 864 948 virtute
892 907 1126 946 desciscentes
1146 905 1266 956 (quod
1294 903 1394 941 haud
1422 915 1505 940 raro

125 976 312 1028 contingit
335 974 448 1026 juxta
482 976 575 1014 illud
604 975 709 1029 figam
742 974 862 1019 παῖδες
900 973 1067 1024 πῆματα,
1103 972 1253 1010 Heroum
1276 968 1353 1017 filii
1385 972 1504 1018 noxae)

126 1053 283 1091 regnum
303 1041 586 1088 administrare3
616 1047 652 1078 et
679 1047 807 1079 tamen
834 1039 899 1077 vix
926 1039 1032 1077 aliter
1059 1036 1137 1075 fieri
1157 1035 1267 1087 poffe,
1287 1035 1380 1086 quin
1400 1041 1508 1085 pater

125 1119 249 1155 amore
267 1107 441 1152 naturali,
461 1121 572 1158 quem
603 1107 726 1145 Graeci
754 1111 890 1144 vocant
917 1103 1072 1157 στοργὴ,
1093 1101 1287 1154 impulsus,
1306 1100 1385 1138 filio
1403 1113 1508 1138 com-

127 1171 256 1209 mittat
276 1171 491 1222 imperium.
547 1172 605 1209 Ex
634 1185 710 1222 quo
736 1171 951 1209 crediderim
981 1182 1057 1207 non
1086 1169 1241 1220 probare
1268 1165 1505 1205 Aristotelem

129 1236 258 1285 (tacite
285 1242 411 1273 tamen
441 1238 490 1274 ob
516 1237 775 1275 Alexandrum
794 1236 984 1286 Magnum
1004 1233 1172 1285 Philippi
1191 1231 1409 1271 Macedonis
1428 1232 1505 1269 hae-
1516 1230 1628 1270 Regna
1642 1230 1711 1262 ¹¹²-

128 1301 264 1356 redem,
284 1301 323 1338 in
341 1300 448 1351 cujus
467 1302 567 1352 regia
586 1302 724 1339 multos
752 1314 870 1339 annos
898 1299 1060 1338 versatus
1079 1299 1146 1346 est)
1168 1311 1282 1349 regna
1309 1297 1504 1335 haeredita-
1517 1275 1676 1349 ἱξέὶᾎῖἱξῖῑ

124 1366 193 1411 ria,
218 1372 348 1418 utpote
374 1367 586 1417 periculosa,
606 1374 642 1404 et
661 1366 842 1418 pestifera,
860 1367 886 1403 fi
907 1366 952 1404 ad
973 1365 1162 1416 improbos
1191 1365 1247 1401 vel
1274 1363 1402 1401 stultos
1427 1363 1504 1400 hae-
1516 1361 1670 1404 suspeQa·

124 1432 225 1480 redes
244 1431 523 1486 transferantur.
576 1432 764 1470 Posteriori
784 1438 909 1470 autern
930 1445 1005 1470 non
1026 1431 1167 1482 integre
1184 1429 1374 1468 satisfacit.
1428 1429 1509 1484 Re-⁴

124 1494 276 1549 spondet
302 1497 403 1549 enim
431 1497 476 1534 de
503 1498 607 1549 Rege
637 1497 832 1542 Laconico,
853 1497 914 1534 cui
941 1495 1088 1533 summa
1115 1495 1158 1532 fit
1185 1494 1342 1546 potestas
1359 1507 1404 1531 ex
1424 1493 1506 1544 lege

125 1557 318 1607 attributa,
337 1562 508 1613 nihilque
535 1562 646 1614 pleno
673 1562 737 1600 suo
765 1562 917 1600 arbitrio
941 1568 1076 1613 praeter
1094 1561 1191 1612 leges
1210 1559 1336 1604 faciat,
1355 1559 1389 1596 ei
1407 1558 1506 1597 scili-

124 1632 183 1664 cet
198 1627 429 1665 neceffariam
449 1627 516 1665 effe
534 1641 723 1666 armorum
740 1628 818 1665 vim
838 1634 875 1665 et
894 1627 1101 1678 potentiam
1116 1626 1163 1663 ad
1182 1625 1279 1676 leges
1297 1623 1505 1662 custodien-

125 1691 218 1745 das5
248 1691 308 1729 sed
326 1692 437 1729 talem
458 1705 500 1730 ac
518 1699 677 1738 tantam,
697 1706 772 1743 qua
799 1692 987 1744 improbos
1014 1696 1191 1734 coerceat,
1215 1689 1502 1741 Rempublicam
1524 1744 1525 1747 Ἰ

129 1753 229 1804 tarne
239 1770 267 1795 n
275 1770 349 1813 non
368 1756 476 1810 poffit
491 1758 713 1809 opprimere.

571 1897 637 1938 Ad
655 1897 741 1950 Cap.
759 1896 1066 1950 decimumfixtum.

182 2007 318 2053 Probat
347 2006 459 2044 unius
485 2006 675 2045 summum
705 2007 919 2058 imperium,
946 2007 1016 2044 five
1044 2019 1202 2058 regnum
1236 2005 1330 2044 illud
1360 2005 1505 2044 absolu-

127 2078 223 2117 tum,
241 2072 340 2124 quod
359 2072 538 2123 superiori
557 2071 679 2124 capite
703 2074 849 2111 vocavit
874 2075 1154 2123 παμβασίλειαν,
1172 2085 1247 2109 non
1266 2071 1333 2109 effe
1346 2070 1505 2122 justum,

127 2150 246 2189 neque
264 2144 407 2175 naturae
426 2137 710 2176 consentaneum
728 2154 739 2184 ς
771 2144 883 2188 atque
905 2138 994 2175 adeo
1013 2137 1145 2175 melius
1164 2143 1200 2174 et
1219 2137 1420 2188 optabilius
1439 2136 1506 2174 effe

126 2203 247 2254 legem
267 2203 460 2254 imperare,
480 2217 595 2253 quam
615 2217 734 2240 unum
755 2204 918 2254 aliquem
938 2203 1071 2241 civem.
1129 2203 1243 2240 Quod
1259 2202 1423 2240 defendit
1441 2204 1505 2241 ad·
1518 2208 1556 2239 In
1576 2206 1721 2240 Politice·

130 2266 250 2305 versus
267 2268 472 2313 Platonem,
489 2268 554 2318 qui
574 2268 657 2318 plus
675 2268 781 2306 bonis
802 2269 903 2314 viris,
919 2281 1035 2318 quam
1054 2269 1161 2306 bonis
1178 2268 1321 2319 legibus
1340 2268 1506 2306 tribuen-

130 2333 222 2371 dum
251 2331 319 2370 effe
350 2333 484 2370 censet.
537 2332 630 2370 Non
658 2333 724 2370 efle
754 2333 871 2385 igitur
899 2332 995 2372 κατ-οὲ
1022 2334 1138 2383 φύσιν,
1162 2334 1200 2370 id
1229 2333 1279 2371 est
1303 2333 1505 2371 secundum

126 2393 248 2448 legem
283 2404 441 2453 naturae,
474 2411 593 2435 unum
627 2397 693 2435 este
723 2398 865 2436 civium
898 2398 1070 2436 omnium
1103 2399 1300 2436 dominum
1335 2399 1506 2440 ostendit.

130 2463 162 2501 I.
185 2462 291 2501 Quia
321 2461 498 2517 injustum
529 2463 579 2500 est
603 2464 768 2514 paribus,
787 2477 912 2515 parem
932 2464 1156 2514 dignitatem
1177 2478 1251 2502 non
1273 2465 1447 2509 tribuere,'
1462 2470 1507 2503 ut

127 2530 277 2581 paribus
291 2529 472 2580 imparem
483 2545 499 2585 ;¹
511 2531 824 2581 quemadmodum
836 2531 1051 2582 corporibus
1062 2531 1267 2582 aequalibus
1280 2530 1504 2604 inaequalem
1523 2577 1526 2580 .

130 2583 272 2633 vietum
289 2602 354 2632 aut
369 2595 517 2634 vestem.
557 2596 680 2647 Atqui
699 2596 796 2635 cives
814 2610 943 2634 omnes
961 2595 1047 2634 sunt
1065 2610 1190 2648 pares.
1210 2609 1298 2647 ergo
1316 2596 1361 2634 iis
1382 2596 1507 2647 impar
1570 2629 1573 2632 .

129 2661 294 2713 dignitas
313 2675 388 2699 non
407 2661 456 2699 est
475 2662 680 2707 tribuenda,
701 2662 738 2700 id
756 2662 806 2700 est
824 2663 893 2701 uni
913 2663 1103 2701 summum
1129 2662 1345 2713 imperium,
1364 2662 1505 2711 caeteris

131 2718 227 2763 nihil
245 2726 332 2766 tale.
386 2727 517 2778 Itaque
531 2725 664 2777 justius
682 2727 752 2765 erit
770 2728 922 2766 viciffim
938 2732 1080 2775 ornnes,
1100 2741 1187 2766 cum
1206 2741 1311 2779 pares
1326 2728 1410 2774 fiut,
1430 2727 1505 2766 im-

129 2803 272 2851 perare,
285 2797 322 2831 et
340 2793 605 2846 obtemperare.
644 2792 729 2848 Hoc
747 2799 872 2850 autern
892 2807 914 2834 a
932 2794 1012 2848 lege
1030 2793 1081 2832 est
1098 2807 1185 2846 quae
1201 2793 1291 2832 ordo
1307 2793 1368 2832 est
1405 2794 1504 2832 Prae-
