1904 3308
291 685 385 716 Notae
398 687 462 717 De-

292 730 465 767 mocratiae,

289 770 442 809 imperare

288 813 434 850 vicissim,

287 855 390 885 vivere
404 857 443 886 ad

287 897 462 931 arbitrium.

282 1148 425 1180 Instituta

278 1190 450 1239 Democra-

279 1240 352 1264 tica.

510 214 573 253 lxx
884 222 1126 262 SYNOPSIS
1153 215 1472 263 ANALYTICA

994 353 1057 391 Ad
1075 354 1159 405 Cap.
1166 353 1362 403 secundum.

559 452 693 491 Statuit
711 456 831 505 primo
850 457 996 506 scopum
1014 464 1049 494 et
1067 457 1176 494 finem
1195 458 1314 495 omnis
1333 457 1572 494 Democratiae
1592 456 1657 493 esse
1674 455 1731 496 τὴν
1751 452 1840 494 {mv—

504 511 628 566 θερίαν,
657 517 857 556 libertatern
892 521 1042 556 civium.
1095 521 1257 558 Secundo
1293 521 1469 561 libertatis
1504 521 1592 557 duas
1627 519 1692 556 effe
1722 526 1840 562 notas,

503 576 706 628 imperandi
731 589 767 619 et
794 584 941 632 parendi
960 584 1247 622 vieiffitudinem.
1301 585 1376 622 Ubi
1401 586 1498 622 enim
1519 586 1596 621 haec
1613 597 1685 620 non
1703 584 1764 627 est,
1782 583 1839 619 vi-

499 640 604 679 detur
634 645 753 693 potius
785 646 879 683 inter
907 647 1003 684 cives
1033 647 1099 684 effe
1128 649 1338 688 dominatus
1368 654 1405 685 et
1435 647 1584 684 servitus
1612 659 1723 696 quam
1754 657 1839 682 vera

500 703 656 744 libertas.
711 709 757 744 Et
785 709 862 746 haee
890 717 978 747 nota
1010 711 1168 748 maxime
1198 711 1345 761 propria
1369 711 1444 748 est:
1471 710 1614 748 Deinde
1641 710 1770 753 vivere,
1794 714 1837 747 ut

498 769 650 818 quisque
680 772 779 809 velit.
833 774 964 811 Servile
990 775 1088 812 enim
1119 776 1168 812 est
1198 776 1330 821 vivere,
1353 788 1426 813 non
1455 781 1496 811 ut
1526 775 1626 812 velis.
1680 774 1735 812 Ex
1763 785 1837 822 quo

497 833 736 879 concluditur,
767 836 1021 883 Democratiae,
1053 852 1136 888 quae
1167 839 1368 877 libertatem
1404 845 1440 875 et
1465 837 1526 888 jus
1561 838 1834 875 arithmeticum

495 907 562 944 pro
579 896 815 936 fundamento
836 901 953 945 habet,
974 902 1124 939 totidem
1153 902 1310 952 talesque
1327 902 1392 939 effe
1410 908 1525 945 notas,
1545 901 1688 951 imperii
1707 899 1833 939 viciffis-

495 961 674 1006 tudinem,
696 970 731 999 et
755 964 898 1001 vivendi
918 965 1116 1010 licentiam,
1136 980 1155 1004 e
1174 979 1247 1016 qua
1265 973 1386 1003 tamen
1405 966 1591 1016 posteriore
1607 970 1692 1001 nata
1709 964 1832 1004 videa÷

493 1029 555 1060 tur
579 1028 743 1077 ἀναρχία,
762 1029 841 1071 five,
870 1035 911 1066 ut
939 1030 1114 1079 loquitur,
1131 1030 1168 1068 τὸ
1184 1029 1231 1078 μὴ
1250 1029 1440 1080 ἄρχεσθαι,
1458 1043 1521 1066 non
1539 1039 1669 1079 parere,
1689 1027 1829 1072 malum

493 1087 532 1124 in
561 1090 707 1127 civitate
739 1092 998 1140 gravissimum.
1049 1094 1186 1137 Tertio,
1203 1093 1352 1143 exponit
1372 1092 1623 1130 Democratica
1652 1090 1828 1128 instituta.

496 1163 528 1188 1.
549 1152 680 1190 creare
710 1167 835 1193 ornnes
867 1157 1095 1205 magistratus
1121 1148 1374 1198 exomnibus.
1430 1167 1464 1193 2.
1482 1154 1622 1192 Omnes
1653 1154 1830 1203 imperare

488 1215 637 1265 fingulis
666 1219 868 1264 (universus
899 1220 997 1256 enim
1030 1220 1186 1270 populus
1219 1220 1416 1269 imperium
1448 1219 1562 1263 tenet)
1602 1223 1637 1262 et
1671 1217 1828 1266 singulos

487 1279 634 1318 viciffim
651 1283 846 1330 omnibus;
875 1290 1052 1333 quatenus
1081 1284 1134 1320 illi
1162 1284 1291 1333 finguli
1318 1289 1449 1333 gerunt
1472 1281 1620 1318 viciffim
1639 1281 1826 1330 magistra-

486 1349 559 1386 tus,
589 1345 652 1381 fibi
686 1348 732 1382 ab
759 1347 929 1384 omnibus
959 1347 1143 1384 colleetive
1175 1347 1328 1397 sumptis
1358 1346 1604 1383 demandatos.
1657 1357 1695 1392 3.
1724 1345 1825 1382 Sorte

482 1420 600 1444 creare
620 1409 862 1459 magistratus,
882 1411 937 1447 vel
965 1410 1150 1460 quossibet,
1169 1411 1225 1447 vel
1242 1423 1301 1447 eos
1320 1410 1384 1459 qui
1407 1409 1609 1446 doctrinam
1637 1409 1826 1459 peritiam-

485 1484 556 1519 que
575 1485 648 1508 non
666 1474 874 1517 desiderant,
892 1474 960 1510 five
977 1474 1250 1524 experientiam.
1305 1474 1406 1510 Nam
1427 1473 1464 1510 in
1483 1473 1750 1522 magistratibus
1777 1473 1823 1509 iis
1856 1476 1857 1480 ’

483 1537 661 1580 creandis,
689 1538 754 1586 qui
781 1545 910 1580 artem,
939 1537 1166 1587 sapientiam,
1194 1537 1343 1575 usumve
1371 1538 1574 1587 requirunt,
1591 1543 1632 1574 ut
1659 1537 1707 1573 est
1729 1537 1825 1574 Prae-

481 1604 565 1635 tura
585 1599 844 1648 juridicendo,
861 1601 1026 1637 electioni
1053 1607 1089 1637 et
1115 1589 1292 1650 suffragiis
1317 1601 1439 1650 potius
1467 1613 1578 1650 quam
1599 1600 1749 1638 sortibus
1768 1601 1822 1638 lo-

479 1675 543 1699 cus
572 1662 637 1699 effe
665 1664 780 1702 debet.
833 1677 871 1712 4.
890 1664 977 1701 Non
1006 1663 1071 1701 effe
1099 1665 1322 1701 mandandos
1349 1664 1578 1713 magistratus
1595 1677 1639 1701 ex
1660 1664 1767 1701 censu
1784 1670 1820 1701 et

479 1725 632 1769 divitiis,
649 1735 691 1763 ut
710 1727 753 1763 fit
771 1727 809 1764 in
828 1727 1052 1777 Oligarchia‚
1079 1727 1148 1764 nisi.
1170 1726 1293 1764 census
1318 1728 1360 1764 fit
1386 1728 1615 1777 perexiguus,
1670 1736 1706 1777 5.
1721 1728 1818 1765 Non

479 1788 544 1826 efle
572 1789 637 1826 uni
669 1792 825 1828 eundem
862 1791 1111 1840 magistratum
1146 1791 1202 1828 bis
1237 1792 1499 1834 mandandum,
1535 1790 1818 1831 nisi-ffiellicum.

476 1852 637 1903 Expedit
654 1848 750 1891 enirn
776 1856 929 1892 eundem
957 1854 1085 1904 saepius
1111 1855 1238 1892 ducem
1264 1856 1453 1904 defignari,
1470 1853 1574 1903 cujus
1599 1855 1714 1892 virtus
1736 1853 1818 1904 jam

476 1918 519 1954 fit
537 1918 735 1967 explorata,
755 1918 952 1968 praesertim
980 1931 1065 1956 cum
1092 1919 1200 1969 pauci
1228 1919 1312 1955 boni
1333 1919 1562 1968 imperatores
1582 1919 1818 1968 reperiantur.

477 1980 514 2018 6.
534 1981 623 2018 Non
650 1982 777 2019 debere
796 1981 861 2018 effe
878 1982 1070 2019 diuturnos
1099 1982 1330 2032 magistratus
1362 1987 1694 2031 quantum-eorum
1725 1982 1817 2019 ratio

475 2046 554 2094 pati
582 2046 697 2095 poffit.
753 2055 787 2096 7.
808 2047 947 2084 Debere
973 2059 1097 2083 omnes
1115 2053 1151 2083 et
1168 2059 1213 2082 ex
1230 2045 1414 2089 omnibus,
1434 2053 1470 2082 et
1486 2046 1530 2082 de
1547 2046 1734 2090 omnibus,
1753 2052 1818 2083 aut

475 2109 519 2145 de
545 2109 736 2159 plerisque,
766 2117 829 2146 aut
856 2110 1028 2147 maximis
1056 2119 1093 2146 et
1121 2109 1332 2159 graviffimis
1360 2111 1476 2153 rebus,
1495 2116 1537 2146 ut
1555 2110 1597 2147 de
1617 2110 1816 2147 rationibus

474 2160 674 2217 reddendis,
691 2175 735 2211 de
752 2174 906 2224 negotiis
923 2174 1076 2224 publicis
1088 2172 1264 2222 judicare.
1319 2173 1355 2212 8.
1375 2173 1510 2210 Debere
1537 2173 1727 2210 Ecclesiam
1747 2174 1816 2212 five

472 2237 637 2282 comitia,
658 2237 714 2273 vel
733 2237 943 2274 concionem
963 2237 1090 2286 populi
1107 2236 1173 2274 effe
1187 2237 1355 2274 omnium
1382 2237 1569 2274 dominam
1587 2253 1597 2282 3
1629 2238 1815 2286 magistra-

472 2307 555 2336 tum
588 2300 724 2337 nullius
756 2301 820 2344 rei,
850 2301 906 2337 vel
934 2300 1172 2337 minimarum
1199 2306 1234 2337 et
1262 2299 1562 2350 pauciffiniarum.
1618 2301 1814 2350 Magistra·

469 2370 580 2400 tuum
609 2371 730 2401 autem
758 2364 917 2401 maxime
949 2363 1158 2413 popularem
1189 2363 1254 2400 effe
1282 2362 1404 2406 βουλὴν
1430 2364 1632 2408 confilium,
1657 2363 1813 2411 curiam,

470 2428 540 2464 five
571 2428 744 2465 Senatum
773 2428 1001 2478 popularem,
1027 2427 1236 2464 Graecorum
1256 2427 1403 2476 quidem
1432 2427 1591 2464 moribus
1609 2440 1814 2471 accommo÷

468 2492 613 2536 datum,
632 2491 689 2528 sed
707 2492 814 2541 longe
831 2505 852 2529 a
870 2492 1040 2529 Romano
1059 2492 1190 2528 Senatu
1214 2491 1408 2536 diversum,
1427 2492 1492 2541 qui
1519 2492 1603 2528 licet
1630 2492 1812 2533 interdum

470 2555 690 2606 mstingentis
720 2556 951 2593 Senatoribus
976 2555 1162 2599 constaret,
1181 2567 1306 2591 omnes
1333 2545 1454 2591 tamen
1482 2562 1584 2591 erant
1605 2556 1812 2604 optimates.

469 2618 593 2663 Unde,
621 2626 663 2656 ut
692 2619 806 2656 obiter
831 2619 965 2663 dicam,
993 2620 1185 2656 Romanus
1213 2619 1362 2656 Senatus
1388 2618 1663 2655 Aristocraticus
1690 2620 1813 2668 potius

469 2690 559 2727 erat,
577 2697 691 2733 quarn
709 2682 980 2732 Oligarchicus,
1001 2691 1043 2719 ut
1060 2692 1096 2719 et
1113 2684 1267 2733 γερουσία,
1285 2682 1656 2727 Lacedaemoniorum,
1676 2684 1720 2720 de
1738 2696 1812 2733 qua

468 2747 610 2784 dietum
632 2747 696 2784 lib.
713 2747 751 2785 ii.
772 2746 880 2796 hujus
907 2747 1036 2796 operis.
1088 2747 1158 2784 Ait
1183 2759 1266 2782 vero
1291 2745 1498 2783 Aristoteles
1517 2744 1574 2786 τὴν
1593 2745 1728 2790 βουλὴν,
1749 2746 1814 2784 esse

470 2824 616 2862 magnae
644 2811 843 2862 potestatis,
874 2823 959 2849 cum
990 2810 1093 2848 nulla
1122 2810 1179 2847 est
1201 2810 1299 2860 plebi
1331 2809 1534 2847 mercedula
1561 2810 1631 2849 five
1655 2809 1814 2860 sportula
