1846 3250
116 241 1490 284 ἡ

329 462 686 573 ’.τοΑΝΝΙ
734 498 1242 566 LEONCLAlo

763 683 832 714 ΕΤ

192 831 791 899 “THEODORO
859 827 1373 904 CANTERO‚

508 1019 668 1065 VIRIS
701 1017 1099 1070 CLARISSIMIS,

130 1184 630 1241 FRIDERICUS
683 1180 1200 1236 SYLBURGIUS
1251 1180 1303 1232 S.
1329 1179 1384 1232 P.
1413 1176 1484 1232 D.

599 1393 952 1421 ..ῄ--Φ--κ

108 1554 325 1626 SICUT
346 1575 543 1639 reliquos
576 1572 825 1622 Aristotelis
859 1583 1028 1630 tom03‚
1052 1572 1115 1619 ita
1147 1569 1274 1619 hunc
1295 1587 1486 1635 quoque

109 1654 167 1701 ad
197 1654 305 1701 tales
336 1653 455 1700 viros
490 1651 668 1699 mittere
690 1651 842 1709 libuit,
866 1650 948 1714 qui
983 1649 1198 1696 doetrina
1231 1661 1278 1696 et
1305 1649 1486 1712 judicio

107 1731 406 1778 excellerent:
442 1729 474 1777 ii
496 1729 620 1776 enim
643 1745 737 1776 non
760 1740 940 1775 tantum
975 1726 1091 1774 tueri
1114 1727 1264 1773 nostra
1285 1738 1329 1773 et
1353 1743 1484 1774 com-

110 1808 321 1854 mendare
353 1806 542 1870 poffunt
575 1805 699 1869 apud
722 1804 847 1859 alios,
872 1803 946 1850 sed
974 1802 1111 1850 etiam
1142 1819 1242 1861 nos,
1265 1803 1348 1850 ubi
1369 1803 1485 1851 forte

109 1882 402 1947 impegimus,
438 1897 637 1940 monere,
673 1893 811 1945 atque
843 1880 1022 1944 insuper
1056 1880 1340 1944 suppeditare
1374 1896 1484 1942 quae

106 1959 178 2007 vel
224 1959 282 2006 ad
326 1958 492 2007 horum
538 1958 759 2023 ipsorum,
806 1958 879 2004 vel
921 1957 977 2004 ad
1022 1957 1216 2004 aliorum
1259 1957 1484 2006 librorum

106 2038 472 2095 emendationem
495 2039 772 2085 conducant.
842 2037 968 2084 Cum
991 2053 1100 2100 ergo
1123 2048 1294 2084 ceteros
1329 2047 1483 2085 tomos

106 2116 268 2179 majori
290 2133 347 2163 ex
371 2127 494 2181 parte
517 2115 622 2178 viris
646 2116 770 2180 apud
804 2127 979 2162 exteros
1014 2115 1264 2179 infignibus
1299 2115 1482 2162 dicave-

105 2193 211 2251 rim,
252 2193 336 2240 vifi
371 2192 477 2241 sunt
515 2193 652 2240 etiam
693 2192 916 2239 Germani
961 2191 1101 2240 nostri
1142 2191 1343 2255 aliquam
1386 2192 1482 2255 ejus

105 2271 358 2334 provinciae
396 2284 572 2335 partem
606 2270 688 2318 fibi
727 2271 984 2335 deposcere.
1053 2271 1108 2318 In
1148 2287 1349 2334 quorum
1389 2270 1482 2317 fre-

105 2348 292 2410 quentia
320 2347 400 2395 etfi
435 2348 569 2396 multi
594 2348 889 2396 occurrebant
921 2348 1003 2412 qui
1039 2347 1313 2396 meritorum
1336 2347 1483 2413 gloria

105 2424 330 2472 honorem
364 2426 504 2473 istum
536 2425 621 2473 fibi
660 2425 960 2484 vindicarent,
1001 2437 1154 2474 tamen
1193 2425 1346 2473 nescio
1383 2443 1481 2490 quo

103 2501 344 2565 privilegio
367 2503 424 2549 ad
446 2519 527 2550 vos
549 2503 595 2550 id
619 2520 786 2551 munus
818 2503 1036 2567 pertinere
1070 2503 1221 2551 visum
1255 2504 1337 2551 est.
1409 2503 1482 2553 Ut

104 2578 228 2625 enim
250 2579 336 2626 alia
357 2579 586 2637 reticeam,
610 2591 655 2626 et
677 2596 729 2627 ea
751 2591 932 2628 tantum
955 2598 1062 2644 quae
1086 2579 1223 2643 hujus
1244 2581 1335 2628 loci
1359 2580 1478 2640 sunt,

105 2656 343 2721 attingam,
367 2670 560 2721 uterque
593 2659 824 2706 bonorum
859 2658 1132 2723 scriptorum
1166 2658 1364 2705 editione
1392 2659 1478 2706 do-

106 2735 269 2784 Ctrinae
307 2746 352 2784 et
391 2735 555 2798 judicii
594 2735 827 2784 luculenta
864 2734 1112 2800 specimina
1155 2736 1388 2797 edidistis;
1432 2748 1477 2785 et
