1846 3250
0 2820 17 2901 aarum
0 2704 15 2815 ewa-mxv
0 2654 15 2688 23-

0 2975 16 3017 *⁸2*
0 2967 2 2969 ·
0 2906 14 2962 *za-¹⁵»

362 198 743 239 POLITICORUM
770 197 1131 238 ARISTOTELIS.
1160 197 1216 235 11.
1247 205 1286 248 7,
1316 195 1354 234 8.
1461 191 1558 230 xxiii

173 309 280 349 aliter
296 309 441 349 differre
458 311 588 349 debere
613 309 848 362 magistratus
866 310 913 347 ab
932 309 977 347 iis
996 309 1062 360 qui
1081 314 1211 360 parent
1238 306 1419 351 docuerit,
1438 317 1554 357 quam

175 375 315 414 stamen
342 376 381 414 τὸ
408 377 582 426 στημόνιον
605 376 723 426 (quod
749 389 793 413 ex
822 375 972 413 meliore
997 381 1035 412 et
1062 373 1222 411 firmiore
1241 372 1328 410 lana
1347 371 1408 415 fit)
1430 384 1452 408 a
1471 370 1555 408 sub·
1569 364 1693 441 ιῖἑῑθὺζέ
1704 365 1744 398 ‘³0

173 441 351 491 tegmine,
370 441 442 479 ἀπὸ
460 443 520 484 τῆς
544 442 667 492 κρόκης,
687 440 786 491 quod
815 453 859 478 ex
889 439 1056 477 molliore
1084 437 1290 476 conficitur.
1346 437 1443 474 Item
1463 436 1556 474 duas
1599 419 1630 451 3¹
1696 431 1706 441 ⁸

174 505 319 550 domos,
340 518 454 542 unam
486 505 524 542 in
555 505 675 542 media
701 506 805 550 urbe,
824 504 977 542 alteram
1000 504 1039 541 in
1060 512 1226 541 extrema
1246 515 1268 539 a
1285 500 1430 538 civibus
1450 499 1555 537 habi·

173 569 245 607 tari
264 569 491 620 praeceperit.
546 570 632 607 Hoc
650 568 750 606 enim
775 568 1075 606 molessiffimum.
1131 567 1206 605 His
1227 567 1279 603 ita
1297 565 1469 616 expositis
1488 565 1556 602 do-

174 641 232 674 cet
250 635 459 673 Aristoteles
478 635 745 685 rempublicam
775 634 877 689 illam
907 633 1103 672 secundam
1123 632 1288 671 Platonis
1306 645 1380 669 non
1400 630 1467 668 effe
1486 644 1555 681 op-

174 700 280 738 timae
311 700 535 751 proximam,
570 700 659 749 quia
696 691 834 737 constat
865 699 1105 737 Democratia
1135 706 1170 736 et
1201 698 1432 748 Tyrannide,
1467 710 1554 747 quae

172 766 256 804 sunt
285 765 414 803 formae
441 765 671 816 gubernandi
699 765 867 815 peffimae.
923 766 1020 803 Item
1041 765 1131 816 quia
1150 765 1194 802 ad
1214 763 1474 814 Oligarchiam
1495 762 1553 798 vi-

170 832 301 869 deatur
327 837 406 868 tota
434 830 610 868 inclinare
626 846 637 877 5
668 844 754 868 cum
786 831 884 868 illius
914 831 1080 881 plerique
1112 829 1347 880 magistratus
1365 841 1476 879 penes
1493 827 1552 865 di-

170 898 280 935 tiores
300 899 382 942 fint,
403 904 437 935 et
458 897 615 935 maximi
635 910 745 948 penes
764 897 969 941 ditiffimos,
989 905 1032 934 ut
1052 910 1096 934 ex
1113 896 1179 934 lib.
1198 895 1250 934 vi.
1267 895 1312 933 de
1331 894 1474 945 legibus
1493 893 1553 930 in-

171 950 344 1013 telligere
353 963 450 1000 licet.

674 1070 739 1108 Ad
756 1072 844 1122 Cap.
853 1070 1048 1122 fhptimum.

224 1156 369 1194 Phaleae
397 1156 637 1194 Chalcedonii
668 1157 839 1206 politiam
870 1156 1073 1200 examinat,
1101 1169 1186 1206 quae
1216 1156 1397 1193 bonorum
1423 1167 1551 1205 aequa-

170 1220 310 1258 tionem
343 1221 561 1264 adstruebat,
583 1222 683 1271 quod
710 1235 754 1258 ea
782 1221 908 1258 civiles
939 1229 1063 1259 motus
1090 1234 1133 1259 ac
1162 1220 1353 1258 seditiones
1373 1219 1551 1271 reprime-

171 1295 323 1334 rentur;
354 1301 438 1338 quae
467 1286 601 1325 scilicet
629 1293 778 1338 propter
803 1288 985 1324 bonorum
1015 1287 1308 1337 inaequalitatem
1331 1285 1465 1335 saepius
1492 1283 1551 1321 so-

171 1353 249 1390 lent
268 1352 432 1390 excitari.
489 1353 557 1390 Sed
579 1352 753 1389 Phaleam
782 1352 907 1402 arguit
926 1352 1151 1396 Aristoteles,
1172 1352 1238 1402 qui
1264 1352 1447 1388 bonorum
1468 1363 1548 1386 mo·
1565 1352 1642 1414 ffgit
1658 1358 1772 1384 contra

169 1417 260 1455 dum
289 1416 484 1460 definierit,
514 1416 712 1454 liberorum
741 1423 780 1454 et
808 1417 947 1454 civium
978 1430 1194 1461 numerum,
1217 1416 1387 1453 minime.
1443 1416 1550 1453 Hinc
1564 1396 1741 1480 ξὲξξῇη-

170 1481 271 1519 enim
290 1482 381 1532 legis
402 1482 580 1532 iniquitas
602 1481 794 1519 manifesta
814 1482 875 1526 est,
897 1495 973 1532 qua
991 1482 1054 1519 alii
1075 1483 1172 1519 bona
1192 1483 1260 1519 fint
1289 1480 1467 1524 habituri,
1486 1479 1651 1518 alileam.

169 1557 271 1582 non:
305 1545 357 1582 ita
388 1551 431 1582 ut
465 1545 599 1583 neceffe
631 1546 674 1582 fit
706 1558 787 1582 eam
823 1545 1026 1595 antiquari.
1082 1545 1218 1595 Neque
1251 1558 1336 1582 vero
1367 1545 1550 1582 bonorum

169 1611 419 1661 aequalitatem
453 1611 499 1648 ad
530 1610 723 1647 seditiones
754 1612 970 1648 coercendas
998 1610 1157 1648 sufficere
1188 1611 1295 1648 docet
1321 1609 1550 1654 Aristoteles,
1561 1599 1743 1675 μξλῖἕξῗ

170 1675 229 1712 sed
255 1689 347 1726 opus
366 1675 431 1713 effe
451 1676 504 1712 ait
523 1676 633 1712 modo
661 1682 697 1712 et
724 1675 932 1725 disciplina,
945 1676 1119 1727 potiusque
1137 1674 1328 1727 aequandas
1347 1674 1549 1727 cupiditates
1560 1658 1632 1728 :isaie
1648 1664 1759 1727 ὅμηλξ.

169 1752 273 1790 quam
293 1738 392 1778 bona.
447 1740 516 1777 Sed
544 1747 580 1777 et
609 1741 824 1777 contendere
844 1739 958 1777 fortes
986 1747 1022 1778 et
1050 1741 1191 1777 nobiles
1219 1740 1264 1777 de
1291 1740 1506 1783 honoribus,
1524 1731 1662 1785 fi3502’7
1679 1733 1735 1766 ‘3³

172 1817 233 1841 eos
261 1817 328 1854 pro
355 1804 418 1842 suo
446 1805 578 1842 merito
609 1818 684 1842 non
716 1805 920 1848 obtineant,
940 1812 976 1842 et
1004 1805 1029 1842 fi
1059 1805 1206 1855 indigni
1235 1805 1280 1842 iis
1309 1812 1544 1842 exornentur.
1561 1788 1670 1809 ⁰⁰⁰³&

172 1868 232 1904 Sic
258 1868 359 1904 enim
389 1869 487 1919 apud
512 1869 720 1906 Homerum
750 1869 991 1918 conqueritur
1010 1869 1189 1915 Achilles,
1207 1869 1330 1913 Ulixi,
1349 1869 1384 1906 se
1408 1869 1549 1907 caeteris
1562 1872 1653 1905 Iliad.
1669 1873 1715 1905 ix.

171 1932 280 1982 longe
316 1932 519 1977 fortiorem,
556 1934 659 1983 paria
692 1941 815 1971 tamen
851 1933 1007 1984 praemia
1038 1933 1129 1971 ferre
1165 1935 1212 1972 ab
1248 1935 1550 1985 Agamemnone.

173 1995 355 2047 Injustum
378 1998 519 2048 quippe
539 1999 685 2036 videtur
703 1999 727 2035 fi

276 2062 387 2100 Fortis
405 2071 438 2099 et
455 2063 607 2112 ignavus
622 2063 728 2114 parili
745 2063 944 2113 afficiantur
963 2063 1090 2103 honore.
1137 2075 1139 2077 ’

168 2127 357 2176 AEquatio
378 2127 496 2177 igitur
514 2129 694 2165 bonorum
715 2136 753 2165 et
772 2129 958 2167 honorum
979 2143 1055 2166 non
1076 2130 1181 2167 omni
1202 2143 1246 2167 ex
1265 2135 1369 2180 parte
1382 2129 1481 2181 justa
1499 2131 1550 2169 est

169 2198 207 2228 et
226 2191 433 2230 laudabilis,
489 2192 556 2229 Sed
578 2200 613 2229 et
634 2193 727 2230 nihil
746 2193 915 2231 definivit
937 2195 1098 2238 Phaleas,
1118 2195 1163 2232 de
1190 2190 1358 2245 prae‘fidio
1377 2204 1412 2233 et
1431 2197 1551 2247 copiis

167 2255 335 2294 adversus
369 2262 525 2300 exteros,
559 2269 710 2307 remque
747 2257 950 2295 militarem
987 2265 1023 2295 et
1059 2259 1241 2296 bonorum
1278 2260 1549 2302 abundantiam

167 2320 361 2372 neglexisse
379 2320 536 2365 videtur,
557 2335 642 2372 quae
658 2322 733 2359 duo
750 2322 879 2373 magni
897 2322 982 2360 sunt
1000 2324 1039 2360 in
1058 2323 1267 2375 Republica
1286 2325 1482 2370 momenti.

679 2429 743 2468 Ad
761 2430 848 2483 Cap.
869 2433 1044 2470 «stavunt.

218 2517 453 2568 Hippodami
480 2517 599 2555 vitam
627 2518 818 2568 moresque
843 2519 967 2569 primo
993 2519 1191 2566 describit3
1221 2521 1325 2558 Tum
1346 2519 1426 2570 ejus
1446 2521 1547 2560 Poli-

162 2582 238 2619 tica
259 2582 426 2619 instituta
444 2581 552 2619 refert
571 2595 613 2619 ac
631 2584 819 2634 expendit,
840 2597 925 2633 quae
942 2591 1048 2621 erant
1076 2582 1270 2634 ejusmodi.
1326 2586 1470 2624 Debere
1492 2588 1547 2625 ci-

164 2647 319 2684 vitatem
338 2647 463 2684 decem
484 2648 682 2685 hominum
712 2649 879 2686 millibus
906 2649 1079 2688 constare.
1135 2650 1301 2687 Eandem
1321 2659 1487 2702 oportere
1506 2654 1546 2691 in
1558 2657 1656 2698 Leges
1672 2659 1756 2703 Hip-

163 2718 236 2749 tres
255 2719 377 2762 partes
395 2713 527 2758 dividi,
547 2714 618 2750 five
646 2713 686 2750 in
713 2721 786 2751 tres
814 2715 1011 2752 hominum
1042 2715 1198 2758 ordines,
1219 2728 1354 2767 nempe
1373 2717 1545 2765 artifices,
1558 2703 1701 2743 pamm·

165 2776 357 2827 agricolas,
377 2778 531 2816 milites.
583 2779 732 2829 Agrum
752 2780 864 2817 etiam
887 2781 925 2817 in
945 2787 1067 2831 partes
1094 2788 1181 2827 treS,
1210 2783 1374 2828 Sacram,
1392 2797 1478 2834 quae
1498 2786 1544 2824 ad

160 2843 314 2880 deorum
333 2843 479 2881 cultum
493 2859 506 2891 5
537 2844 731 2882 Publicam
750 2844 820 2883 five
837 2857 1091 2892 communem,
1114 2860 1200 2898 quae
1228 2847 1276 2886 ad
1301 2847 1451 2887 alendos
1470 2850 1542 2887 mi-

835 2910 904 2958 b4
