1846 3250
319 234 703 279 POLITICORUM
729 234 1093 276 ARISTOTELIS}
1120 236 1154 276 1.
1187 248 1250 277 10.
1423 234 1494 275 xm

99 346 178 389 Res
195 349 296 388 enim
316 363 386 402 pro
404 351 512 389 rebus
529 364 604 389 non
620 349 763 401 semper
779 349 860 388 dari
877 354 916 388 et
932 349 1159 388 commutari
1179 348 1288 386 facile
1316 346 1490 398 possunt:
1534 361 1535 364 ¹

99 415 306 454 Praesertim
334 429 423 454 cum
448 416 530 454 loca
561 416 630 454 five
657 415 822 467 regiones
842 428 864 452 a
883 414 918 452 se
937 415 1097 452 invicem
1119 413 1324 464 longiffime
1341 413 1492 451 distant.

104 481 232 519 Quare
259 495 354 533 opus
382 482 456 521 fuit
483 482 677 520 communi
703 481 867 532 quodam
896 480 1072 531 facilique
1101 479 1357 523 instrumento,
1377 485 1420 516 ut
1442 478 1494 516 est

100 560 253 592 numus,
271 549 318 585 ad
335 548 641 586 commoditatem
660 547 970 598 permutationis3
1000 546 1072 583 five
1092 558 1230 583 numus
1251 544 1374 595 gravis
1393 543 1493 590 esset,

101 611 142 649 id
159 612 211 650 est
230 612 379 656 ferreus,
398 612 456 650 vel
476 619 685 663 argenteus,
703 619 742 650 et
760 611 922 649 definitae
950 610 1223 661 magnitudinis
1242 623 1284 647 ac
1303 609 1490 660 ponderis,

103 677 226 727 qualis
247 677 320 715 fuit
338 677 474 724 initio;
502 678 573 714 five
596 677 758 727 signatus
776 691 784 714 ε
816 677 854 714 id
872 676 921 714 est
940 683 1039 714 certo
1057 675 1266 713 charae'tere
1293 675 1360 725 qui
1387 674 1490 712 valo-

104 745 156 780 ris
174 743 258 781 effet
276 743 399 787 index,
418 748 568 780 notatus
588 749 625 780 et
643 741 850 787 distinctus,
877 748 922 779 ut
951 742 1087 792 postea.
1142 741 1274 779 Docet,
1289 740 1424 790 quinto
1443 754 1488 777 ex
1502 745 1552 777 Ab
1568 747 1682 780 inven-

104 808 230 846 Numi
259 807 488 845 institutione
516 816 553 845 et
579 806 647 844 usu
674 807 835 845 secutam
863 812 979 844 artem
1008 806 1177 857 pecuniae
1195 791 1698 866 accumulandae‚{i{'3{¹r‘i³t}¹a¹fm¹

104 872 215 910 initio
233 873 385 923 quidem
405 873 663 924 simpliciorem
684 885 727 910 ac
747 872 874 910 minus
901 872 1074 914 astutam,
1091 871 1152 909 sed
1179 871 1366 923 progressu
1393 878 1490 909 tem-

102 938 203 989 poris
223 937 464 983 callidiorem,
482 943 519 975 et
536 937 630 975 lucri
648 938 893 988 cupidiorem.
949 937 1090 975 Statuit
1115 944 1243 975 tamen
1272 949 1373 974 veras
1391 937 1488 974 divi-

103 1004 192 1047 tias,
212 1017 286 1042 non
306 1004 344 1041 in
364 1017 401 1042 re
420 1005 604 1049 numaria,
625 1006 696 1042 five
714 1004 883 1055 pecuniae
901 1004 1009 1055 copia
1026 1003 1224 1048 consistere,
1242 1017 1329 1040 cum
1350 1014 1492 1040 numus

50 1098 53 1100 -
104 1083 180 1107 non
201 1077 334 1108 natura
350 1069 408 1108 sed
427 1070 472 1122 τῷ
493 1073 586 1122 νόμῳ,
606 1071 644 1108 id
664 1071 713 1108 est
733 1071 825 1121 lege,
843 1071 940 1108 unde
961 1083 1099 1108 nomen
1118 1071 1240 1114 habet,
1259 1076 1408 1107 tantum
1426 1082 1492 1107 va-

104 1134 191 1179 leat,
209 1141 246 1173 et
264 1136 451 1174 utentium
480 1137 632 1174 arbitrio
662 1142 841 1179 mutetur,
858 1135 999 1187 fiatque
1023 1136 1137 1173 etiam
1165 1135 1353 1173 interdum
1373 1136 1490 1172 inuti-

107 1201 168 1246 lis,
188 1200 266 1239 imo
283 1208 320 1239 et
338 1201 437 1239 fame
457 1202 574 1252 perire
594 1202 698 1253 poffit
717 1202 763 1247 is,
784 1202 850 1252 qui
868 1202 1027 1252 pecunia
1054 1201 1219 1238 abundat
1237 1216 1245 1238 :
1276 1201 1336 1239 sed
1365 1214 1387 1238 a
1415 1201 1489 1239 sola
1500 1203 1591 1235 Verae
1606 1213 1687 1245 οροι

106 1272 242 1303 natura
258 1266 497 1317 suppeditari,
517 1279 622 1316 agros
641 1266 789 1311 scilieet,
806 1272 987 1309 armenta,
1009 1267 1178 1317 pecudes,
1197 1266 1332 1317 sylvas,
1351 1267 1489 1310 vineas,
1501 1255 1656 1323 2¹1¹,ssthss
1671 1305 1693 1327 ι

109 1333 180 1371 ὅτε.
236 1332 320 1369 Hoc
341 1333 421 1369 loco
437 1332 490 1369 ait
509 1332 720 1370 Aristoteles
738 1333 874 1370 Artem
903 1345 1054 1369 omnem
1083 1331 1229 1369 infinite
1248 1332 1355 1370 suum
1374 1333 1487 1371 finem
1499 1346 1614 1369 numo.

105 1404 287 1448 expetere,
305 1397 362 1435 sed
381 1406 506 1435 tamen
523 1397 641 1435 finitis
659 1397 839 1449 certisque
858 1398 989 1435 mediis
1007 1398 1064 1435 uti
1083 1398 1130 1435 ad
1149 1397 1277 1436 finem.
1334 1399 1383 1436 Et
1401 1400 1491 1437 artis

105 1463 259 1513 quidem
289 1464 470 1501 numariae
493 1477 568 1501 non
587 1463 654 1501 effe
672 1463 784 1501 finem
805 1464 845 1501 in
864 1464 1029 1514 cogenda
1055 1464 1229 1514 pecunia,
1249 1465 1493 1503 oeconomicae

100 1540 189 1566 vero
206 1527 273 1566 effe
291 1535 434 1566 certum
461 1528 574 1566 finem
592 1544 601 1566 τ
632 1529 723 1579 quia
750 1528 886 1566 scilicet
906 1530 983 1566 haec
1002 1529 1184 1566 naturalis
1202 1529 1273 1574 est‚-
1288 1529 1353 1567 illa
1374 1530 1492 1568 artifi-

104 1593 223 1631 cialis.
277 1594 358 1631 Cur
385 1606 471 1630 vero
499 1593 538 1631 in
569 1594 700 1631 multis
719 1594 763 1631 fit
783 1594 1002 1632 divitiarum
1030 1594 1217 1645 cupiditas
1246 1595 1492 1646 inexplebilis,

90 1659 252 1696 acausam
286 1658 354 1696 effe
389 1659 493 1696 docet
528 1659 616 1696 vitae
651 1660 897 1710 cupiditatem
934 1659 1123 1697 infinitam
1162 1666 1200 1698 et
1235 1662 1490 1712 voluptatum.

105 1723 256 1762 Natura
287 1725 387 1762 enim
421 1737 536 1775 quam
564 1725 759 1763 diutiffime
789 1726 940 1778 seipsam
972 1727 1069 1764 tueri
1098 1727 1230 1773 studet,
1258 1736 1296 1766 et
1326 1730 1497 1768 Maxima

99 1799 186 1842 pars
213 1788 379 1827 hominum
409 1789 545 1841 decepta
574 1790 727 1842 cupidine
740 1791 851 1842 falfi),
872 1792 1081 1842 voluptates
1099 1793 1173 1830 fine
1196 1795 1308 1831 modo
1335 1796 1492 1846 appetit.

110 1854 246 1891 Vivere
264 1861 403 1898 autem,
421 1855 554 1898 laetari,
572 1855 748 1899 lascivire,
768 1856 904 1900 ludere,
926 1863 991 1894 aut
1010 1871 1164 1908 quoquo
1189 1859 1300 1897 modo
1326 1860 1493 1899 deliciari

110 1919 183 1955 sme
213 1919 371 1968 pecunia
397 1919 453 1956 vel
485 1919 640 1961 divitiis,
669 1933 743 1958 non
776 1920 874 1959 licet.
930 1922 1048 1967 Hinc,
1087 1923 1203 1961 Wrtus
1228 1925 1301 1975 pqst
1327 1938 1491 1964 nummos.

108 1983 226 2027 Hinc,
247 1985 330 2031 ‚Qto
351 1983 433 2034 plus
447 1983 536 2034 sunt
555 1993 650 2035 potae
662 1984 741 2036 plus
747 1986 921 2035 fitiuntur
939 1999 1053 2038 aquae.
1110 1988 1229 2033 Hinc,
1253 1989 1379 2040 Crescit
1397 2003 1493 2029 amor

73 2057 79 2065 ⁸
107 2047 249 2092 nummi,
275 2057 442 2099 quantum
473 2047 542 2099 zpsa
566 2049 710 2099 pecunia
738 2050 860 2100 crescit.
916 2052 1035 2097 Hinc,
1060 2052 1227 2091 Omnibus
1253 2055 1325 2092 itur
1350 2055 1403 2094 ad
1425 2070 1491 2094 au-

107 2126 197 2150 rum.
251 2113 369 2157 Hinc,
389 2114 507 2150 Aurea
533 2127 623 2150 nunc
645 2127 727 2151 vere
740 2114 828 2165 sunt
843 2115 994 2164 saecula.
1049 2117 1113 2162 Et,
1132 2119 1176 2156 In
1198 2118 1321 2157 mundo
1334 2119 1491 2171 summus

105 2191 169 2216 rex
195 2178 241 2226 qst
265 2176 324 2215 boc
349 2187 490 2229 tempore
520 2192 688 2217 nummus.
742 2181 900 2218 Interim
929 2181 1160 2221 observandae
1188 2185 1313 2223 Numi
1342 2188 1413 2225 five
1431 2193 1492 2227 τοῦ

108 2244 327 2294 νομίσματος,
358 2243 600 2282 conditiones.
656 2245 777 2283 Debet
813 2246 915 2284 enim
953 2248 1141 2286 numisma
1179 2250 1246 2288 esse
1279 2253 1490 2302 quantitate,

108 2322 294 2360 parvum:
323 2309 511 2359 Principis
539 2309 746 2348 charactere
781 2312 992 2362 signatum:
1026 2321 1126 2352 certo
1162 2318 1321 2366 pondere
1353 2325 1391 2356 et
1421 2333 1488 2356 va-

106 2375 183 2414 lore
209 2375 450 2414 distinetum:
481 2377 618 2414 durum
648 2378 892 2429 solidumque,
913 2386 994 2417 ute
1020 2382 1170 2420 metallo
1198 2397 1273 2421 non
1306 2385 1414 2424 facile
1432 2386 1489 2424 so-

107 2440 230 2484 lubili,
249 2454 373 2478 rarum
392 2454 435 2478 ac
453 2442 652 2492 pretiosum
673 2458 680 2480 :
713 2443 751 2480 in
773 2444 950 2482 minimas
970 2453 1137 2484 monetas
1156 2461 1362 2499 pauperum
1383 2451 1492 2490 causa

105 2504 294 2543 divisum:
326 2506 502 2556 Denique
531 2507 578 2544 ad
609 2509 922 2546 commutationes
951 2523 1024 2548 non
1054 2513 1100 2549 ad
1130 2519 1238 2564 turpe
1264 2514 1402 2562 foenus,
1422 2518 1491 2555 sive

107 2570 307 2610 nefandam
328 2570 477 2608 usuram
495 2571 730 2611 destinatum.

617 2712 681 2750 Ad
700 2713 786 2765 Cap.
806 2713 981 2755 decimum.

160 2831 300 2869 Statuit
317 2831 623 2870 Chrematisticen
650 2833 846 2873 subservire
864 2837 1141 2885 OEconomicae‚
1161 2853 1228 2878 nec
1247 2849 1324 2881 tam
1345 2851 1489 2896 partem

101 2896 174 2937 effe
203 2909 319 2946 quam
349 2897 620 2937 administram.
689 2900 845 2951 Alioqui
878 2904 1006 2940 eodem
1028 2903 1115 2953 jure
1142 2906 1305 2962 ἰατρικὸν,
1336 2912 1489 2950 medici-
