1846 3250
530 178 1020 237 PRAEFATIO.

86 318 296 369 Indicem
319 313 494 380 adjeci:
530 325 732 378 quorum
754 307 908 374 primo
930 304 1084 370 capita
1111 303 1336 368 cujusque
1368 299 1475 349 libri

85 395 276 463 exposui
299 414 310 444 ε
346 393 495 443 alteris
517 390 700 440 duobus
722 386 860 435 verba
883 396 930 433 et
953 400 1020 432 res
1042 399 1153 447 quae
1181 392 1345 429 notatu
1367 381 1474 444 dig·
1525 444 1528 447 Δ

87 475 235 524 niores
273 473 549 527 viderentur,
587 464 819 532 alphabeti
858 461 1018 511 ordine
1054 459 1298 527 pei-texui:
1335 459 1476 507 verba

89 563 136 601 et
183 550 378 618 phrases,
424 548 625 602 Graece;
678 560 747 592 res
791 553 948 590 autem
991 538 1246 605 plerasque,
1294 536 1474 585 Latine.

92 629 337 679 Quoniam
360 636 514 674 autem
549 640 576 671 a
607 620 823 669 Vidiorio
856 618 995 666 etiam
1029 627 1132 665 ante
1170 616 1476 664 Commenta-

91 708 180 755 rios
202 705 422 770 quaedam
444 701 634 750 diversae
655 698 868 747 lectionis
899 695 1135 744 adnotatio
1169 710 1279 743 curn
1303 693 1478 742 Graeco

92 795 226 832 textu
263 781 354 831 suit
387 781 524 837 edita,
559 778 688 826 volui
723 788 768 824 et
802 775 949 841 ipsam
979 787 1033 822 ut
1066 773 1115 821 in
1146 772 1391 838 superiore,
1415 771 1479 819 ita

92 860 232 907 etiam
267 858 315 906 in
350 857 437 906 hac
470 856 669 904 editione
695 855 848 902 denuo
872 852 1068 919 prodire,
1094 864 1232 915 atque
1255 851 1368 898 adeo
1393 866 1479 897 no-

93 937 195 984 stris
217 934 528 983 notationibus
549 933 631 981 suo
654 931 818 980 merito
841 929 1018 995 praeire.

170 1014 295 1061 Haec
316 1012 434 1070 sunt,
460 1010 675 1059 Leonclai
698 1021 743 1057 et
767 1009 978 1065 Cantere,
1002 1024 1111 1072 quae
1146 1006 1193 1054 in
1226 1005 1319 1054 hoc
1349 1019 1482 1054 tomo

106 1108 133 1139 a
167 1107 243 1138 me
276 1090 382 1138 sunt
416 1089 631 1155 praestita.
702 1088 757 1134 In
791 1086 960 1151 quibus
985 1086 1065 1133 etfi
1093 1085 1185 1132 hoc
1211 1084 1347 1132 unice
1370 1101 1482 1149 ope-

106 1185 204 1216 ram
226 1167 350 1225 dedi,
370 1179 424 1215 ut
450 1183 610 1214 omnes
633 1165 690 1213 ab
712 1163 1046 1229 elegantiffirno
1069 1177 1200 1210 torno
1233 1163 1318 1210 isto
1351 1180 1484 1210 men-

107 1246 273 1293 darum
294 1244 489 1292 maculae
511 1243 901 1306 abstergerentur;
937 1252 1092 1288 tamen
1123 1240 1320 1304 ingenue
1341 1239 1486 1288 fateor

113 1323 161 1370 id
197 1338 487 1386 nequaquam
528 1337 554 1367 a
593 1337 667 1367 me
702 1319 1029 1383 usquequaque
1075 1318 1163 1366 effe
1211 1318 1484 1383 praestitum,
1555 1378 1560 1382 η

102 1400 177 1448 sed
200 1400 347 1448 multa
368 1399 529 1446 vestrae
562 1396 790 1462 vestrique
823 1396 1045 1444 similium
1081 1396 1310 1460 sagacitati
1345 1409 1486 1461 atque

102 1477 338 1525 industriae
376 1476 532 1523 relicta
571 1475 675 1523 effe.
746 1475 913 1522 Precor
951 1474 1107 1537 itaque
1140 1484 1193 1520 ut
1228 1473 1350 1521 horis
1383 1473 1486 1522 suc-

102 1555 252 1603 cifivis
275 1555 322 1603 in
345 1554 436 1602 hoc
457 1552 770 1618 pulcherrimo
805 1551 1110 1616 philosophiae
1133 1551 1234 1598 foro
1256 1551 1485 1616 exspatie-

106 1632 238 1691 mini,
267 1649 468 1697 quaeque
502 1649 528 1679 a
563 1631 696 1678 nobis
730 1643 808 1678 aut
843 1631 976 1694 plane
1011 1647 1104 1677 non
1138 1629 1242 1678 sunt
1274 1631 1486 1678 animad-

105 1709 244 1769 versa,
280 1702 703 1757 aut‘animadversa
736 1707 892 1762 secius,
931 1708 1123 1755 candide
1158 1708 1290 1756 nobis
1323 1725 1376 1756 ac
1405 1725 1487 1774 per

107 1804 190 1835 nos
230 1786 493 1851 reipublicae
539 1785 821 1850 impertiatis
890 1785 946 1831 In
1001 1801 1096 1848 quo
1140 1785 1280 1833 studii
1323 1802 1488 1849 genere

109 1864 219 1927 quia
240 1863 427 1910 societas
450 1878 726 1926 magnopere
749 1875 852 1909 turn
874 1861 1060 1924 adjuvat
1091 1874 1194 1910 tum
1230 1862 1368 1917 acuit,
1392 1879 1487 1911 non

108 1939 272 1987 dubito
292 1939 404 2002 quin
426 1939 572 1986 velitis
595 1938 734 1986 etiam
768 1938 878 1986 alios
915 1939 958 1986 se
994 1938 1124 1986 nobis
1158 1938 1300 1987 socios
1325 1940 1487 2003 adjun-

110 2033 244 2081 gere:
280 2016 327 2064 in
351 2015 507 2081 primis
530 2029 685 2064 autem
706 2016 888 2064 Julium
920 2016 1130 2071 Pacium,
1166 2030 1211 2065 et
1246 2018 1487 2069 Simonem

113 2093 324 2140 Stenium
345 2114 358 2147 ;
394 2092 515 2140 viros
538 2103 639 2140 tum
663 2092 710 2139 in
734 2093 888 2140 ceteris
915 2093 1180 2159 disciplinis,
1207 2108 1307 2143 turn
1331 2095 1377 2143 in
1404 2096 1489 2144 hac

112 2168 419 2235 philosophiae
443 2181 566 2233 parte
591 2168 921 2219 versatiffimOS.
980 2171 1055 2218 De
1077 2172 1246 2235 quibus
1270 2184 1322 2220 ut
1341 2175 1491 2222 multa

111 2258 155 2294 et
178 2247 394 2311 praeclara
418 2246 532 2294 mihi
567 2247 800 2311 polliceor,
826 2248 888 2295 ita
909 2248 1036 2312 spero
1069 2250 1206 2296 etiam
1232 2251 1490 2300 Adrianum

115 2324 341 2372 Borkium
366 2324 412 2371 in
436 2324 555 2371 hanc
588 2325 891 2373 aemulationis
920 2327 1172 2391 palaestram
1211 2329 1302 2375 effe
1333 2330 1491 2394 prodi-

114 2412 302 2455 turum;
339 2402 420 2464 qui
454 2414 628 2464 quanto
660 2403 832 2466 generis
866 2404 1103 2452 nobilitate
1139 2407 1336 2471 praestat,
1363 2418 1493 2455 tanto

116 2478 371 2526 ardentiore
406 2480 555 2527 omnis
590 2479 747 2545 politae
783 2481 1050 2531 litteraturae
1082 2484 1234 2531 studio
1256 2485 1491 2544 adnititur,

115 2566 170 2601 ut
192 2555 416 2603 Borkium
438 2557 560 2604 fidus
579 2557 717 2605 micet
738 2558 854 2607 inter
875 2574 1052 2610 omnes.
1122 2561 1361 2610 Quoniam
1383 2580 1493 2610 vero

117 2630 280 2679 harum
303 2633 543 2697 regionum
567 2650 619 2680 ea
641 2635 707 2681 est
730 2634 983 2695 infelicitas,
1009 2649 1061 2684 ut
1087 2637 1177 2684 fere
1212 2637 1492 2701 conje6’mris
1541 2661 1545 2665 ·

117 2719 300 2756 tantum
335 2726 556 2774 cogamur
599 2727 746 2775 agere,
786 2712 1001 2760 videntur
1043 2714 1308 2762 accersenda
1350 2715 1491 2765 etiam

118 2797 302 2833 externa
345 2787 526 2846 auxilia,
573 2804 734 2836 eorum
778 2789 987 2855 inprimis
1030 2792 1113 2855 qui
1168 2792 1492 2842 ditiffimarurn
