1846 3250
196 423 246 454 De
260 421 353 452 artifi-

196 465 267 495 ciali
283 473 368 503 quae-

195 507 319 538 stuaria.

181 1380 281 1420 Copia
294 1388 327 1410 et

182 1424 298 1462 egestas
313 1423 383 1453 sunt

181 1465 282 1495 eausae
297 1475 365 1504 per-

179 1508 381 1539 mutationis.

172 2217 208 2246 ‘a'
219 2223 348 2250 καπηλι-

170 2259 218 2292 εἰ.

166 2471 206 2502 In
217 2471 370 2511 Sophissa.

163 2740 213 2770 De
225 2736 347 2772 Numo,

164 2782 219 2812 tib.
235 2789 264 2810 v.
282 2779 320 2808 E-

162 2825 241 2855 thic.
254 2833 281 2853 c-
297 2830 328 2862 5-

410 185 463 228 xii
654 202 674 229 ,·
769 185 1013 224 SYNOPSIS
1042 185 1366 227 ANALYTICA

933 315 996 354 Ad
1015 317 1098 367 Cap.
1118 329 1251 354 nonum.

464 418 558 468 Agit
575 419 620 456 de
637 419 708 456 alio
727 432 854 470 genere
874 421 1032 459 Ctetices
1051 422 1120 459 five
1144 421 1382 471 quaestuariae,
1401 423 1499 472 quod
1526 421 1577 459 ait
1603 422 1764 459 maxime

410 482 555 530 proprie
570 483 644 520 dici
663 484 974 528 Chrematisticen,
994 499 1076 535 quae
1094 486 1272 522 nimirum
1299 485 1341 522 fit
1367 484 1563 522 artificialis
1590 485 1682 522 ratio
1708 484 1760 521 rei

408 547 612 593 quaerendae
629 546 766 583 diversa
785 560 806 583 a
825 548 982 584 naturali
1000 547 1161 598 superius
1187 548 1359 598 exposita.
1414 548 1531 585 Docet
1551 548 1664 597 igitur
1681 547 1760 597 pri·

405 620 468 644 mo
487 609 537 645 rei
556 607 730 659 cujusque
758 610 923 659 poffeffae,
944 612 1086 649 ἑκάστου
1114 611 1296 660 κτήματος,
1317 611 1382 648 esse
1400 611 1484 648 usus
1507 612 1596 648 duos
1619 624 1684 660 per
1710 610 1756 647 se.

403 670 534 708 Unum
555 673 704 721 quidem
724 673 916 723 proprium
935 675 986 711 rei
1005 688 1078 724 qua
1095 675 1179 712 talis
1197 675 1257 718 est,
1276 682 1319 712 ut
1337 676 1385 712 est
1403 674 1568 719 ὑπόδεσις,
1586 674 1758 711 calceatio

403 735 564 785 respectu
582 740 640 774 τοῦ
658 735 879 785 ὑποδῆματος,
896 738 1018 776 calcei.
1072 740 1175 776 Nam
1203 739 1371 788 proprius
1388 738 1472 776 usus
1491 738 1600 775 calcei
1618 739 1666 774 est
1683 738 1759 775 cal-

401 800 529 837 ceatio.
583 800 754 837 Alterum
775 814 850 837 non
869 803 1057 852 proprium
1078 803 1161 839 licet
1179 816 1243 852 per
1261 803 1306 841 se.
1359 803 1415 840 Ut
1442 803 1491 840 est
1508 800 1757 851 μεταβλητικὴ,

401 864 625 912 permutatio
644 864 707 908 rei,
727 871 818 913 puta
837 866 959 903 calcei.
1015 867 1105 904 Non
1134 867 1232 903 enim
1246 867 1371 903 'calceo
1389 867 1445 903 uti
1463 867 1657 903 dumtaxat
1675 865 1756 916 pos-

400 925 525 963 sumus
557 927 603 964 ad
630 927 902 973 calceationem,
933 929 991 966 sed
1023 930 1134 967 etiam
1163 933 1318 977 ἀλλαγῆς
1346 930 1454 973 ἕνεκεν,
1474 918 1755 979 permutationis

398 1002 499 1039 ergo,
528 997 620 1040 puta
647 992 846 1035 vendendo,
868 993 938 1029 five
963 993 1124 1030 calceum
1152 993 1407 1043 permutando,
1434 999 1476 1029 ut
1501 991 1643 1029 νίἇὶιιῐῐι
1672 992 1756 1028 inde

397 1053 455 1090 vel
474 1054 668 1103 pecuniam
687 1067 954 1104 comparemus.
1008 1057 1231 1093 Permutatio
1258 1057 1372 1106 igitur
1387 1055 1436 1092 est
1453 1055 1536 1093 usus
1554 1057 1604 1092 rei
1624 1069 1686 1105 per
1704 1054 1752 1099 se,

392 1130 471 1154 non
490 1125 612 1154 tamen
631 1120 822 1168 proprius.
877 1119 995 1157 Docet
1021 1119 1176 1158 secundo
1205 1121 1447 1170 indigentiam
1467 1128 1502 1158 et
1520 1121 1664 1170 copiam
1685 1119 1752 1157 effe

395 1180 519 1218 causas
555 1183 847 1231 permutationis.
901 1184 988 1220 Ideo
1023 1184 1123 1220 enim
1159 1183 1237 1221 fieri
1275 1197 1395 1221 rerum
1431 1184 1753 1234 permutationem,

395 1245 496 1294 quod
513 1246 575 1283 alii
593 1247 699 1283 certis
727 1248 831 1284 rebus
858 1248 1058 1292 abundent,
1085 1248 1148 1284 alii
1175 1255 1316 1298 egeant.
1371 1248 1430 1285 Sic
1449 1247 1536 1296 quia
1555 1247 1657 1284 natio
1675 1260 1750 1284 una

394 1316 477 1359 eget
503 1310 602 1356 vino,
620 1318 656 1348 et
682 1312 844 1348 abundat
871 1313 1014 1349 tritico:
1045 1313 1156 1349 altera
1179 1318 1329 1357 contra3
1359 1312 1421 1349 illa
1447 1311 1552 1348 suum
1581 1311 1746 1348 triticum

394 1382 600 1412 commutat
616 1389 701 1412 cum
722 1374 831 1425 hujus
849 1376 948 1413 vino.
1004 1377 1112 1414 Unde
1131 1377 1172 1413 fit
1192 1377 1334 1425 utrique
1359 1375 1470 1412 satis.'
1510 1376 1558 1412 Et
1578 1376 1646 1424 hoc
1664 1375 1749 1424 qui-

393 1439 475 1475 dem
505 1439 624 1482 modo,
643 1442 676 1476 ἐκ
695 1444 753 1477 τοῦ
770 1438 863 1477 nard
881 1441 993 1489 φύσιν,
1012 1454 1056 1477 ex
1074 1454 1116 1477 eo
1136 1441 1234 1490 quod
1261 1440 1309 1477 est
1337 1439 1531 1476 secundum
1560 1446 1746 1482 naturam,

393 1501 557 1551 primum
589 1510 708 1540 ortam
738 1503 804 1540 effe
829 1504 882 1540 ait
908 1504 1240 1554 permutationem:
1273 1500 1376 1541 Quia
1402 1504 1448 1540 fic
1475 1503 1520 1539 ad
1547 1502 1630 1539 usus
1660 1502 1748 1538 vitae

393 1566 598 1603 necessarios
630 1565 792 1610 refertur,
824 1575 858 1603 et
887 1568 931 1604 ad
960 1568 995 1604 id
1027 1568 1125 1617 quod
1156 1566 1240 1604 satis
1267 1567 1328 1604 est.
1382 1568 1436 1604 At
1463 1565 1519 1606 τὴν
1547 1563 1747 1609 nam-namin,

389 1636 632 1667 mercaturam
652 1643 724 1667 non
743 1630 809 1667 effe
828 1630 1069 1668 Quaestuariae
1094 1631 1268 1668 naturalis
1284 1647 1296 1676 3
1325 1630 1413 1681 quia
1432 1629 1660 1667 Quaestuaria
1678 1641 1745 1665 na-

388 1692 516 1729 turalis
541 1693 590 1730 est
618 1699 766 1742 propter
792 1693 980 1730 necessaria
998 1701 1033 1730 et
1051 1707 1092 1730 ea
1112 1707 1194 1743 quae
1218 1693 1300 1730 sunt
1320 1693 1429 1730 satis:
1459 1693 1514 1729 At
1542 1699 1744 1729 mercatura

389 1756 522 1806 quaerit
541 1755 680 1806 majora
705 1763 742 1792 et
769 1756 875 1806 plura
895 1770 1008 1806 quam
1028 1770 1111 1805 quae
1130 1758 1198 1793 fint
1217 1755 1313 1793 satis.
1368 1755 1485 1792 Docet
1505 1755 1626 1799 tertio,
1647 1767 1742 1791 mer-

387 1826 524 1858 caturae
551 1820 695 1857 nullum
724 1820 788 1856 effe
814 1820 918 1857 usum
949 1824 977 1857 ἐν
1005 1820 1113 1872 πρώτῃ
1141 1821 1300 1870 κοινωνίᾳ,
1318 1820 1354 1856 id
1372 1819 1475 1856 estin
1497 1819 1617 1868 prima
1635 1818 1744 1855 socie-

386 1890 473 1928 tate,
494 1898 577 1934 quae
595 1884 644 1920 est
662 1884 792 1921 domus
811 1884 879 1920 five
898 1883 1066 1929 familia3
1097 1885 1181 1933 quia
1202 1884 1239 1920 in
1260 1884 1368 1920 domo
1386 1883 1512 1919 omnia
1532 1882 1614 1918 sunt
1640 1894 1744 1918 com-

386 1949 528 1986 munia.
584 1948 672 1985 Non
701 1947 749 1984 est
775 1953 897 1984 autem
919 1955 1130 1985 mercaturae
1158 1948 1271 1991 locus,
1290 1947 1352 1983 ubi
1371 1947 1418 1984 est
1438 1959 1555 1983 rerum
1575 1959 1746 1982 commu-

383 2012 442 2049 nis
459 2012 555 2049 usus,
612 2012 691 2049 Effe
718 2025 800 2048 vero
822 2019 1034 2048 mercaturae
1064 2012 1167 2048 usum
1196 2012 1234 2048 in
1263 2010 1485 2061 amplificata
1506 2010 1684 2054 societate,
1703 2010 1741 2047 id

384 2075 433 2112 est
453 2075 496 2112 in.
510 2075 611 2118 vicis,
630 2082 665 2111 et
684 2075 765 2111 aliis
785 2074 1011 2111 societatibus
1038 2074 1216 2122 distinctis
1244 2081 1280 2110 et
1303 2074 1470 2124 separatis
1488 2089 1496 2110 :
1528 2074 1589 2110 ubi
1608 2073 1742 2112 scilicet

384 2152 501 2176 rerum
523 2139 606 2176 usus
623 2147 658 2176 et
676 2139 839 2175 dominia
857 2138 1028 2176 distincta
1056 2139 1136 2176 fint.
1190 2139 1273 2175 Hoc
1305 2138 1382 2174 loco
1408 2139 1609 2174 notandum
1639 2139 1740 2175 venit

383 2204 614 2247 vocabulum,
643 2202 828 2247 καπηλικὴ,
859 2204 957 2252 quod
988 2216 1053 2239 nos
1083 2210 1322 2239 mercaturam
1352 2202 1538 2245 vertimus,
1565 2201 1659 2238 sumi
1689 2203 1736 2239 ab

383 2267 575 2304 Aristotele
595 2267 812 2317 generatim,
830 2280 896 2317 pro
914 2267 1042 2317 quavis
1071 2267 1252 2303 mercandi
1271 2266 1423 2310 ratione,
1442 2266 1510 2302 five
1535 2266 1638 2302 domi
1656 2264 1736 2311 fiat,

381 2332 451 2368 five
479 2332 581 2376 alibi,
603 2333 671 2368 five
699 2332 935 2381 exportando,
961 2332 1030 2368 five
1059 2331 1314 2380 importando:
1345 2331 1494 2380 ideoque
1522 2330 1616 2366 male
1644 2343 1736 2367 non-

380 2396 502 2442 nullos
529 2405 663 2433 vertere
680 2396 954 2445 cauponariam,
975 2408 1057 2444 quae
1074 2395 1122 2444 est
1140 2401 1342 2431 mercatura
1359 2394 1460 2431 dorni
1479 2393 1587 2431 faeta.
1642 2395 1736 2431 Sunt

381 2461 493 2504 enim,
513 2469 553 2497 ut
570 2461 687 2497 obiter
703 2461 822 2497 dicam
843 2473 886 2496 ex
906 2460 1069 2502 Platone,
1090 2459 1160 2495 tria
1187 2468 1398 2495 mercaturae
1424 2471 1555 2508 genera
1580 2461 1737 2496 αὖτοποι·

379 2525 481 2569 λικὸν,
512 2526 609 2574 quod
637 2524 686 2560 est
712 2537 852 2567 eorum,
882 2523 947 2573 qui
975 2523 1056 2560 suas
1084 2523 1149 2572 ipsi
1180 2536 1233 2559 res
1259 2530 1295 2559 et
1322 2521 1461 2559 fructus
1488 2522 1664 2567 vendunt,
1690 2529 1735 2560 ut

378 2589 497 2626 rustici
518 2596 554 2625 et
571 2587 729 2639 opifices,
750 2588 928 2638 ἐμπορικὸν,
946 2599 1072 2624 eorum
1101 2586 1165 2636 qui
1193 2599 1327 2623 merces
1354 2593 1559 2635 exportant,
1579 2585 1634 2622 vel
1660 2586 1732 2623 im-

378 2660 538 2702 portant,
571 2654 669 2703 quafi
701 2652 998 2702 peregrinantes3
1036 2652 1231 2694 καπηλικὲν,
1262 2664 1385 2688 eorum
1421 2652 1485 2699 qui
1523 2651 1624 2688 domi
1659 2651 1734 2690 suae

380 2730 513 2753 merces
541 2717 619 2753 suas
648 2717 847 2754 venditant.
901 2715 1021 2752 Docet
1048 2722 1178 2764 quarto
1205 2715 1418 2752 Numorum
1444 2714 1550 2752 usum
1579 2715 1673 2753 reete
1697 2723 1734 2754 et

380 2780 557 2831 sapienter
587 2780 690 2818 fuiffe
722 2778 987 2824 introductum,
1019 2780 1064 2816 ad
1097 2776 1308 2816 mercaturae
1340 2778 1473 2816 scilicet
1505 2778 1732 2818 facilitatem»
