1904 3308
310 173 691 222 POEITICQRUM
715 167 1080 211 ARISTOTELIS.
1107 169 1158 207 V.
1190 165 1227 205 8.
1372 163 1461 203 lxiii

73 286 199 326 tiam:
228 287 291 326 Sic
316 287 420 325 enim
451 285 559 325 facile
588 282 844 336 Tyrannidem
874 278 1035 318 affeetat.
1092 277 1294 321 Quartam,
1320 273 1458 314 &natea

79 354 307 406 ταςίιβκσιι,
319 353 361 402 st
374 352 471 401 juris
486 349 564 398 fiat
593 346 812 401 traffgyffo,
831 359 947 398 quam
974 343 1122 384 causam
1142 355 1382 381 communem
1402 342 1458 380 ait

77 417 145 456 effe
165 416 413 456 Aristocratiae
439 425 477 454 et
504 415 659 454 Politiae.
712 411 834 463 Cujus
851 411 1099 471 originem-eo
1114 407 1238 453 refert,
1257 407 1359 457 quod
1378 419 1455 444 non

78 482 231 528 fuerint,
264 483 303 521 iu
337 482 471 521 Politia
501 481 668 534 quidem,
698 480 735 518 id
767 479 817 517 est
851 479 889 516 in
917 475 1128 528 Republica
1154 474 1315 526 speciali,
1342 473 1456 524 probe

79 554 296 600 temperatae
311 547 553 587 Democratia
578 554 615 586 et
640 544 871 597 Oligarchia,
898 558 918 582 e
944 543 1082 594 quibus
1110 540 1190 593 ipsa
1211 540 1347 579 Politia
1363 553 1457 578 con-

78 615 149 654 stat
162 632 174 663 3
204 616 244 654 in
274 614 512 654 Aristocratia
537 627 636 660 vero,
653 606 771 653 virtus
799 625 885 651 cum
914 611 1009 650 statu
1035 610 1296 650 Democratico
1313 614 1351 646 et
1368 607 1454 646 Oli-

76 680 263 731 garchico.
317 681 439 718 Postea
474 681 579 718 docet
613 691 741 718 omnes
771 676 1011 728 Respublicas
1043 676 1082 714 in
1114 688 1197 713 eam
1229 673 1370 712 mutari
1405 673 1454 711 ad

79 758 193 796 quam
215 746 335 795 magis
354 744 550 791 inclinant,
569 745 669 795 quod
688 756 772 795 pars
796 742 983 794 potentior
1009 741 1139 779 omnia
1164 739 1316 778 tandem
1343 739 1391 777 ad
1418 738 1452 776 se
1464 734 1538 786 lfass
1553 741 1671 811 golt-ets·

78 811 214 854 trahat,
232 809 379 860 solaque
405 809 495 847 velit
518 809 728 847 dominari:
759 807 945 846 interdum
979 814 1105 844 tamen
1132 806 1172 844 in
1200 784 1638 856 contrariamfflssn‘iass

76 873 134 913 Ut
163 873 440 912 Aristocratiam
469 874 509 912 in
541 873 852 918 Democratiam3
894 885 982 910 cum
1017 870 1154 908 scilicet
1190 870 1375 908 tenuiores
1403 869 1451 907 ab
1462 866 1504 900 se·

73 938 317 989 optimatibus
336 938 473 989 injuria
493 937 631 984 affecti,
651 951 728 976 non
754 937 919 975 contenti
946 937 1146 988 optimates
1173 934 1375 986 repreffiffie,
1393 941 1453 972 to·

73 1009 155 1042 tam
174 1003 461 1055 Rempublicam
489 1004 536 1043 ad
563 1003 598 1041 se
624 1004 792 1047 trahunt,
811 1009 854 1041 ut
873 1002 1074 1054 praemium
1101 1001 1281 1040 victoriae.
1329 1000 1452 1038 Addit

74 1067 293 1119 supradietis
322 1070 437 1107 cautis
467 1068 560 1107 illud
587 1069 627 1107 τὸ
653 1068 779 1122 μικρὸν,
795 1068 840 1106 de
869 1081 946 1118 quo
968 1066 1048 1118 jam
1076 1066 1167 1117 egit,
1192 1078 1276 1116 cap.
1301 1077 1336 1102 2.
1355 1070 1392 1102 et
1410 1075 1450 1112 3.

76 1131 187 1182 hujus
206 1133 271 1171 lib.
327 1134 530 1172 Concludit
558 1146 634 1172 non
661 1140 810 1171 tantum
829 1145 895 1184 per
913 1132 960 1176 se,
978 1138 1015 1170 et
1033 1145 1100 1183 per
1115 1131 1241 1170 causas
1262 1129 1452 1168 intestinas
1462 1127 1510 1183 ὅζὶ
1523 1127 1622 1184 4⁴3¹·ss

74 1196 217 1235 diffolvi
234 1205 271 1236 et
292 1198 440 1237 interire
462 1198 713 1250 Respublicas,
742 1199 787 1237 de
813 1199 948 1249 quibus
975 1198 1089 1236 causis
1115 1197 1216 1235 dixit
1243 1194 1421 1234 haetenus
1438 1173 1635 1257 ςζΪῖξΐρἕὶ

74 1261 134 1300 sed
151 1269 188 1300 et
206 1276 271 1313 per
289 1264 468 1310 accidens,
487 1271 524 1301 et
543 1276 607 1314 per
624 1263 750 1301 causas
776 1270 946 1301 externas
962 1278 973 1306 ς
1002 1268 1046 1301 ut
1062 1261 1113 1300 est
1130 1261 1268 1300 vicinia
1285 1259 1453 1299 adversa-

76 1340 161 1365 rum
191 1327 388 1367 civitatum
403 1345 415 1376 3
446 1329 503 1367 vel
533 1329 672 1367 infidiae
701 1328 920 1380 potentioris
948 1326 1194 1379 Reipublicae,
1210 1326 1302 1365 licet.
1325 1327 1369 1365 fit
1396 1339 1453 1365 ro-

77 1391 223 1430 motior.

580 1499 646 1539 Ad
661 1502 751 1552 Cap.
772 1502 945 1540 odavum.

125 1588 220 1639 Agit
235 1588 280 1626 de
298 1588 415 1627 caufis
431 1592 492 1633 τῖς
508 1591 689 1641 σωτηρίας,
707 1588 995 1627 conservationis
1009 1594 1047 1628 et
1062 1587 1190 1627 salutis
1202 1588 1452 1640 Reipublicae,

75 1657 155 1690 tam
185 1653 450 1692 communibus
478 1667 594 1704 quam
623 1654 795 1705 propriis.
851 1654 1017 1692 Primam
1049 1654 1104 1692 ait
1134 1655 1290 1705 positam
1317 1654 1385 1692 effe
1413 1654 1454 1692 in

8 1728 11 1729 ⁷
74 1717 206 1756 exaeta
223 1717 348 1768 legum
367 1718 630 1763 observatione,
650 1719 703 1757 ita
720 1727 765 1756 ut
783 1732 830 1757 ne
845 1719 1049 1757 minimum
1068 1719 1221 1770 quidem
1240 1719 1452 1757 institutum

75 1782 235 1820 violetur
253 1789 319 1820 aut
338 1783 571 1822 immutetur.
627 1785 849 1831 Secundam,
870 1784 896 1822 fi
915 1784 1150 1835 magistratus
1170 1786 1370 1836 prudenter
1386 1786 1454 1823 ho-

76 1846 246 1897 nesteque
272 1846 308 1886 se
334 1855 467 1898 gerant
495 1861 583 1887 cum
611 1855 650 1886 et
678 1848 814 1894 secum,
832 1855 915 1887 tum
944 1849 1108 1888 maxime
1134 1862 1222 1902 erga
1238 1863 1299 1888 eos
1317 1850 1455 1901 quibus
1466 1853 1578 1886 Causae
1598 1854 1646 1886 sap

78 1910 287 1961 imperant3
316 1911 370 1949 ita
401 1918 444 1950 ut
473 1911 538 1950 suo
568 1912 786 1963 magistratu
813 1913 920 1951 nullo
950 1914 1063 1952 modo
1091 1915 1307 1954 abutantur.
1359 1915 1454 1953 Ter·
1465 1896 1648 1982 Ῑῐξξξρξζῐῇ

77 1974 186 2020 tiam,
202 1976 229 2013 fi
247 1976 315 2027 qui
334 1975 511 2027 praesunt,
532 1977 663 2028 vigiles
680 1978 751 2015 fint
768 1984 806 2015 et
825 1977 983 2016 solliciti.
1039 1978 1242 2024 Quartam,
1259 1980 1284 2016 fi
1302 1992 1454 2018 concor·
1466 1993 1592 2016 aarum.

75 2038 139 2077 deu
156 2039 227 2077 fint
244 2040 443 2092 principes,
462 2046 499 2079 et
524 2054 651 2079 eorum
679 2042 932 2081 contentiones
960 2042 1040 2094 lege
1070 2050 1284 2084 caveantur.
1340 2043 1457 2083 Quod

76 2104 102 2143 fi
121 2106 293 2155 quaedam
317 2106 498 2151 oriantur,
516 2120 569 2144 eae
595 2108 878 2158 quamprimum
898 2121 922 2146 a
939 2108 1018 2147 viro
1036 2108 1207 2155 Politico,
1226 2122 1302 2148 non
1319 2122 1345 2149 a
1361 2123 1456 2161 quo—

75 2169 167 2208 libet
191 2170 432 2209 dirimantur.
490 2171 695 2215 Quintam,
713 2173 737 2210 si
768 2172 893 2211 census
921 2173 1022 2212 recta
1047 2180 1084 2212 et
1110 2175 1307 2225 aequabilis
1324 2176 1367 2212 fit
1390 2176 1456 2214 de·

3 2275 6 2278 ,
29 2290 33 2293 ἱ
75 2232 237 2285 scriptio.
292 2234 456 2280 Sextam,
475 2235 500 2272 fi
522 2235 710 2274 neminem
730 2235 954 2287 Respublica
978 2244 1112 2288 augeat
1130 2245 1264 2289 praeter
1282 2239 1454 2286 modum,

74 2299 145 2337 five
174 2299 388 2343 honoribus,
415 2300 486 2338 five
513 2300 670 2338 divitiis.
725 2301 947 2353 Septimam,
977 2303 1001 2340 fi
1035 2309 1178 2341 creetur
1205 2304 1458 2355 magistratus,

7 2370 10 2372 '
76 2363 143 2415 qui
160 2363 301 2403 civium
321 2365 438 2402 vitam
460 2364 651 2415 moresque
668 2365 846 2412 observet,
864 2379 911 2405 an
932 2368 1209 2406 accommodate
1237 2368 1307 2406 sese
1325 2372 1459 2419 gerant

9 2459 20 2479 Ι,
75 2428 175 2467 cives
193 2428 240 2467 ad
259 2429 549 2480 Rempublicam
568 2443 617 2468 an
637 2429 748 2468 secus.
802 2430 1005 2476 octavam,
1022 2432 1047 2469 fi
1067 2445 1110 2470 ea
1129 2433 1254 2471 cautio
1282 2433 1458 2472 adhibea-

75 2497 149 2536 tur,
167 2498 211 2530 ut
231 2493 334 2531 nulla
354 2506 437 2545 pars
455 2494 619 2532 civitatis
638 2495 802 2533 nimium
821 2496 988 2540 excellat,
1006 2495 1210 2548 floreatque
1238 2499 1458 2544 honoribus,

6 2545 25 2610 ζ
75 2557 230 2602 divitiis,
249 2558 394 2596 amicis.
447 2558 617 2605 Nonam,
638 2559 663 2597 fi
681 2559 904 2610 Respublica
931 2561 986 2598 ita
1011 2562 1054 2599 fit
1082 2569 1300 2613 temperata,
1319 2570 1363 2600 ut
1389 2563 1458 2614 qui

76 2621 255 2675 praesunt,
287 2623 437 2661 nullum
466 2637 511 2661 ex
543 2623 702 2674 imperio
736 2632 803 2663 aut
834 2625 1052 2676 magistratu
1086 2625 1152 2664 suo
1181 2627 1365 2677 quaestum
1395 2628 1458 2667 lu-

0 2687 23 2741 Τ·
77 2699 230 2726 crumve
255 2686 410 2727 faciant.
464 2688 678 2733 Decimam,
696 2702 783 2740 quae
798 2695 842 2728 ut
861 2691 946 2728 aliae
971 2691 1055 2729 duae
1073 2690 1277 2741 sequentes,
1295 2693 1457 2744 propria

78 2750 176 2798 sunt,
195 2752 220 2790 fi
239 2751 280 2790 in
297 2752 539 2791 Democratia
567 2760 603 2790 et
629 2753 864 2804 Oligarchia,
888 2755 958 2806 qui
983 2756 1255 2806 obtemperant,
1283 2755 1477 2805 injuriosev

0 2812 17 2855 ἒ,
79 2823 145 2858 aut
170 2817 434 2860 contumeliose
459 2831 536 2857 non
565 2818 771 2861 t-raEtentur
795 2820 843 2858 ab
869 2820 916 2859 iis
942 2820 1011 2872 qui
1036 2819 1312 2872 imperantst‘ed
1330 2822 1456 2874 potine
