1904 3308
285 157 668 200 POLITICORUM
695 156 1060 199 ARISTOTELIS.
1087 156 1202 195 vm.
1231 163 1269 207 5,
1296 153 1338 197 6.
1437 166 1511 198 xc!

127 277 220 317 tem,
236 283 286 310 ue
303 270 471 310 aeci-etio
498 271 736 324 impediatur.
786 270 890 309 Tum
919 281 986 320 per
1013 266 1219 307 triennium
1243 265 1327 304 aliis
1342 264 1509 317 discipli·

130 339 188 376 nie
220 339 427 383 tradendos,
445 339 581 390 quibus
611 337 751 377 exactis
777 342 953 388 poterunt
978 335 1027 373 ad
1052 334 1322 384 ἄναγκοφαγίαι
1349 333 1450 383 cogi,
1468 332 1509 373 id

126 402 178 440 est
196 402 244 441 ad
260 403 362 441 cibos
383 404 548 442 Athletis
566 402 791 448 necessarios,
809 402 893 446 five,
909 407 954 438 ut
973 399 1040 438 alii
1055 399 1202 449 legunt,
1219 398 1267 435 ad
1285 398 1509 448 ξηροφαγίαν,

125 467 252 506 ficcius
279 467 471 506 iblidiusve
497 469 734 511 alimentum.
749 473 793 504 ut
806 465 938 517 poffint
958 463 1218 516 grandioribus
1241 461 1427 500 exercitiis
1445 475 1511 499 oc-

127 532 283 583 cupari;
314 533 368 571 ita
393 540 518 571 tamen
546 540 591 572 ut
615 532 744 571 eodem
762 538 928 582 tempore
947 541 1098 580 corpore
1112 537 1149 565 et
1169 532 1294 565 mente
1312 540 1390 565 non
1406 527 1510 564 labo-

126 606 222 636 rent.
277 599 454 650 Corporis
483 599 585 637 enim
619 598 724 636 labor
757 596 876 635 menti
910 594 964 634 est
996 593 1296 646 impediment03
1329 598 1374 631 ut
1405 591 1508 634 labet

128 663 281 709 mentis,
297 663 456 715 corpori.

636 769 702 808 Ad
719 771 808 823 Cap.
827 769 995 822 quintum.

177 857 275 907 Agit
299 857 345 895 de
370 858 517 896 Mufica
540 858 694 896 uberius
720 871 835 908 quam
863 862 983 895 antea.
1040 855 1191 894 Quaerit
1218 868 1266 894 an
1294 868 1337 893 ea
1363 854 1443 893 ludi
1467 859 1507 895 et

126 922 264 972 quietis
291 923 412 973 gratia
441 924 574 961 debeat
601 922 768 960 adhiberi
783 939 794 970 3
825 935 872 960 an
905 921 1053 960 virtutis
1078 926 1116 959 et
1142 934 1288 959 morum
1302 938 1315 968 5
1342 934 1390 958 an
1414 921 1505 959 vitae

122 987 300 1037 degendae
331 993 367 1025 et
399 987 635 1039 prudentiae?
665 988 816 1026 Differit
848 987 886 1026 in
915 995 1114 1037 utramque
1142 993 1299 1038 partem,
1318 992 1355 1023 et
1381 986 1504 1024 multa

123 1051 267 1097 miscet,
284 1065 401 1103 eaque
419 1053 608 1103 praeclara.
663 1052 804 1090 Statuit
821 1052 899 1090 ludi
918 1060 955 1090 et
973 1051 1206 1089 recreationis
1234 1051 1356 1101 gratia
1381 1051 1501 1089 Mufi-
1513 1055 1649 1091 Μοῦσα

123 1129 208 1154 cam
227 1116 295 1154 effe
313 1117 573 1162 adhibendam,
593 1131 679 1168 quae
697 1117 904 1156 naturalem
924 1116 1154 1168 voluptatem
1180 1116 1380 1161 contineat,
1400 1117 1500 1155 ideo·
1510 1109 1684 1177 ἓὲἓιοῐξεψ

123 1195 196 1231 que
227 1183 332 1220 omni
365 1184 482 1229 aetati,
513 1182 760 1234 omnibusque
791 1182 957 1221 moribus
987 1183 1031 1220 fit
1057 1181 1270 1232 gratiffima.
1324 1182 1422 1220 Item
1452 1183 1500 1221 ad

123 1257 242 1284 mores
261 1260 342 1284 eam
363 1247 611 1298 animumque
630 1249 824 1298 pertinere,
842 1260 930 1285 cum
952 1254 1098 1284 moveat
1125 1246 1291 1292 affeeius,
1311 1247 1499 1299 faciatque

122 1310 378 1362 ἐνθουσιασμὸν,
398 1313 468 1350 five
494 1313 663 1351 divinam
691 1313 828 1351 mentis
855 1313 1123 1364 permotionem
1141 1328 1150 1351 :
1182 1312 1260 1350 imo
1277 1319 1314 1350 et
1332 1313 1500 1352 conferre

121 1376 168 1413 ad
198 1377 376 1415 virtutem
409 1378 601 1416 harmonia
627 1378 885 1430 significatam.
941 1380 990 1417 Et
1008 1378 1148 1429 figuras
1167 1379 1320 1431 quidem
1347 1378 1499 1430 visaque

119 1441 325 1487 simulacra,
352 1443 523 1480 animum
551 1450 743 1494 utcunque
775 1435 949 1491 movere}
979 1444 1039 1482 sed
1069 1444 1253 1482 Muficam
1282 1445 1405 1483 multo
1429 1459 1498 1496 po-
1562 1462 1566 1464 ⁴

119 1506 272 1546 tentius.
326 1508 390 1545 Est
415 1508 516 1546 enim
545 1509 582 1546 in
611 1509 690 1560 ipsa
716 1509 863 1548 Musica
879 1516 916 1547 et
934 1510 1184 1547 modulatione
1211 1517 1348 1556 motus,
1369 1511 1416 1548 ad
1435 1516 1648 1567 corScaligex

119 1570 245 1622 usque,
274 1585 340 1623 per
369 1586 489 1611 aerem
516 1581 697 1612 concentu
723 1574 876 1625 plenum
905 1582 1114 1626 penetranS,
1135 1589 1213 1626 quo
1239 1584 1348 1614 motu
1370 1568 1640 1644 caoentzssiicis
1650 1611 1686 1638 2«

118 1636 314 1688 imagines.
374 1639 448 1676 Ubi
474 1639 639 1677 observat
663 1640 792 1679 debere
822 1639 1065 1678 adolescentes
1082 1640 1248 1692 picturas
1266 1654 1326 1681 eas
1347 1642 1498 1689 intueri,
1666 1639 1672 1644 ’

119 1715 206 1752 quae
233 1715 352 1740 mores
379 1703 607 1753 exprimant,
629 1705 756 1755 quales
775 1712 881 1743 erant
900 1718 973 1742 non
1002 1706 1191 1751 Pausonis,
1211 1706 1270 1744 sed
1299 1707 1501 1758 Polygnoti

119 1767 186 1817 qui
217 1767 277 1805 hic
306 1768 446 1806 dicitur
474 1771 764 1819 ἀγαλματοποιῶν
794 1769 920 1814 &Socim
940 1770 1062 1808 Pie'tor
1086 1771 1251 1816 moralis,
1269 1772 1359 1822 quia
1378 1786 1501 1817 morea

118 1831 363 1882 exprimebat.
393 1833 511 1870 Docet
525 1834 646 1884 postea
661 1833 768 1872 aliter
778 1841 890 1886 atque
904 1835 1011 1873 aliter
1021 1836 1165 1874 animos
1178 1835 1274 1874 affici
1287 1838 1502 1885 harmonia,

118 1909 204 1947 quae
231 1905 343 1948 prout
369 1898 470 1935 varia
496 1898 559 1944 est,
577 1899 631 1936 ita
657 1905 695 1937 et
722 1913 822 1937 nunc
850 1913 1063 1947 moerorem,
1081 1914 1182 1939 nunc
1212 1902 1432 1952 languorem
1458 1910 1499 1942 et

117 1961 314 1999 mollitiem
335 1963 445 2013 parit,
461 1975 560 2000 nunc
577 1964 784 2002 moderatos
801 1971 839 2002 et
854 1965 994 2004 sedatos
1009 1966 1155 2004 animos
1169 1967 1302 2012 reddit,
1323 1974 1366 2005 ut
1380 1968 1497 2006 Dori-

114 2039 185 2069 ca;
205 2039 304 2064 nunc
319 2028 448 2065 divino
462 2029 623 2078 quodam
640 2036 746 2067 motu
764 2031 937 2075 concitat,
950 2032 1128 2082 percellit,
1142 2033 1253 2082 rapit,
1264 2040 1305 2070 ut
1322 2034 1498 2084 Phrygia-

116 2091 217 2130 Cum
237 2105 325 2143 ergo
344 2106 462 2131 mores
481 2094 727 2145 animumque
740 2095 886 2134 Mufica
905 2096 1041 2134 afficiat
1058 2104 1095 2134 et
1113 2106 1294 2148 praeparet
1315 2099 1362 2135 ad
1376 2099 1499 2137 virtu-

116 2163 207 2202 tem,
220 2170 263 2196 ea
278 2171 411 2209 pueros
428 2159 646 2197 erudiendos
664 2160 731 2198 effe
747 2161 951 2207 concludit,
970 2163 1171 2213 praesertim
1190 2177 1276 2201 cum
1298 2165 1340 2201 fit
1353 2164 1496 2213 jucun-

113 2221 256 2260 diffima
283 2223 363 2261 haec
388 2223 595 2275 disciplina,
613 2231 651 2261 et
677 2227 727 2263 ab
747 2226 870 2264 indole
896 2240 1095 2277 puerorum
1122 2242 1196 2266 non
1217 2230 1351 2272 aliena,
1368 2243 1411 2266 ac
1428 2231 1495 2267 de·

117 2299 223 2324 mum
237 2286 457 2326 affinitatem
473 2289 676 2339 quandam,
690 2295 899 2340 συγγένειαι,
911 2305 997 2330 cum
1013 2293 1179 2331 humano
1192 2294 1321 2332 animo
1336 2295 1490 2332 habeat:
1507 2303 1554 2334 Μ
1558 2303 1632 2336 :flea
1645 2305 1709 2339 hu.

116 2350 195 2388 imo
211 2358 248 2389 et
266 2358 424 2397 tantam,
444 2360 487 2391 ut
505 2354 681 2399 dixerint,
701 2355 822 2394 πολλοὶ
837 2373 900 2395 των
917 2362 1042 2407 σοφῶν,
1061 2358 1282 2409 Pythagorei
1301 2358 1438 2396 scilicet
1455 2369 1498 2398 et
1503 2355 1616 2424 ¹32³?
1623 2392 1693 2425 affl

113 2415 308 2459 Platonici,
326 2418 512 2462 animum,
539 2418 596 2455 vel
625 2404 859 2459 harmoniam
888 2422 970 2468 effe,
1000 2423 1056 2460 vel
1082 2424 1317 2461 harmoniam
1346 2426 1489 2465 habere.
1497 2404 1607 2470 niam

114 2479 348 2531 Quanquam
377 2481 452 2532 ipse
477 2483 690 2522 Aristoteles
715 2485 931 2536 opinionem
959 2488 1055 2526 hanc
1083 2488 1298 2528 refutaverit
1316 2489 1382 2528 lib.
1402 2491 1427 2529 i
1446 2492 1502 2530 de

114 2545 256 2592 anima,
274 2554 317 2584 ut
337 2546 387 2584 ibi
405 2549 682 2589 annotavimus.

632 2656 697 2694 Ad
713 2658 803 2710 Cap.
812 2659 966 2710 st’xtum.

163 2739 318 2788 Statuit,
335 2755 468 2793 pueros
497 2742 551 2782 ita
578 2744 646 2783 effe
672 2746 826 2786 Musicae
853 2749 1047 2800 praeceptis
1074 2756 1110 2788 et
1138 2756 1216 2790 arte
1236 2751 1495 2800 instituendos,

106 2810 150 2842 ut
169 2817 254 2843 eam
275 2806 389 2845 etiam
416 2816 621 2848 exerceant.
676 2811 735 2849 Sic
762 2812 863 2851 enim
891 2815 1104 2879 grandiores
1134 2816 1225 2855 faeti
1252 2827 1290 2857 et
1318 2821 1389 2859 hoc
1415 2822 1488 2859 stu-
