1846 3250
328 152 397 216 vii'i
721 175 968 217 sYNoPffls
993 176 1317 216 ANALY‘ncA

333 285 426 321 ratio
451 284 695 334 dispositionis
713 287 756 322 fit
774 287 887 323 veluti
907 287 1103 337 imperans,
1122 286 1276 323 materia
1301 291 1425 324 autem
1443 286 1513 323 five
1531 298 1587 323 res
1607 285 1695 336 ipsa!

332 348 526 398 dispofitae,
555 350 626 386 {int
653 356 697 386 ut
725 352 993 400 obtemperans.
1046 350 1092 386 In
1124 350 1298 386 animatis
1323 363 1407 387 vero
1429 350 1547 387 tribus
1575 350 1693 386 modis

336 413 587 462 principatum
621 414 792 463 reperiri:
828 414 951 464 primo
970 413 1108 450 ratione
1127 414 1302 463 partium,
1335 414 1469 451 anima:
1497 413 1633 450 scilicet
1658 421 1696 451 et

124 478 246 508 Anima
261 476 524 526 itu-corporis:
555 477 656 513 illam
676 478 774 514 enirn
803 478 1018 514 naturaliter
1035 477 1228 526 imperare,
1248 479 1316 513 hoc
1334 479 1590 527 obtemperare.
1644 477 1695 514 Et

124 527 355 602 ἕὲἷῗᾏὲἓζοῐ
340 540 412 576 tale
442 541 590 590 quidem
622 541 819 591 imperium
849 540 915 577 effe
945 540 1170 591 despoticum
1201 541 1263 577 seu
1289 541 1411 584 herile,
1442 541 1480 577 id
1509 541 1558 577 est
1586 541 1696 591 quale

124 606 208 634 tice·
226 612 317 634 mens
338 604 481 641 domini
508 605 546 640 in
575 603 738 646 servum3
771 605 967 654 imperium
993 612 1118 641 autem
1147 605 1280 641 mentis
1312 605 1350 641 in
1382 605 1604 654 appetitum,
1631 604 1698 642 effe

125 647 278 728 {ssffi‘sstem
339 668 530 718 politicum
562 676 596 705 et
621 668 821 706 basilicum.
876 669 1040 705 Secundo
1059 669 1198 706 ratione
1217 668 1378 718 ipsorum
1402 668 1647 705 animalium
1638 680 1698 704 m·

338 738 393 768 ter
424 732 456 768 se
488 739 810 782 comparatorum:
850 732 894 769 iis
925 733 1024 769 enim
1055 732 1233 781 imperare
1262 733 1465 777 hominem,
1498 740 1540 768 ut
1570 744 1696 768 eorum

337 795 542 845 principem
574 796 628 832 vel
658 796 866 832 dominum.
920 796 1047 832 Tertio
1080 796 1218 832 ratione
1251 795 1364 833 sexus.
1419 797 1564 833 Marem
1595 795 1696 831 enim

336 866 467 895 natura
486 859 676 908 imperare,
693 859 886 895 foeminam
903 871 1038 908 parere.
1067 859 1104 895 Si
1125 859 1239 907 igitur
1259 859 1452 895 hominum
1470 859 1533 895 alii
1553 860 1598 895 ab
1617 858 1699 894 aliis

332 922 483 966 distent,
512 930 555 958 ut
585 922 710 958 anima
741 935 762 959 a
790 935 951 971 corpore,
969 930 1010 959 ut
1040 923 1150 958 bestia
1177 924 1223 959 ab
1249 923 1408 965 homine,
1427 930 1520 959 certe
1545 933 1695 971 aequum

337 986 418 1027 erit,
439 987 500 1033 (ut
519 986 612 1021 inter
630 986 720 1029 haec,
739 986 784 1022 fic
804 986 899 1022 inter
921 985 1019 1032 illos)
1040 985 1105 1022 effe
1133 986 1335 1022 naturalem
1365 987 1549 1034 quandam
1579 987 1697 1034 impe-

338 1050 442 1086 randi
461 1057 496 1086 et
514 1050 664 1099 parendi
689 1050 818 1098 legem,
837 1050 926 1085 adeo
943 1055 985 1085 ut
1005 1049 1068 1085 alii
1098 1057 1231 1086 natura
1257 1050 1448 1099 imperent,
1473 1050 1536 1086 alii
1566 1058 1698 1086 natura

334 1114 504 1152 serviant.
558 1114 638 1150 Hos
667 1114 781 1163 igitur
809 1114 856 1150 fic
884 1114 980 1150 inter
1006 1113 1040 1149 se
1066 1114 1130 1150 effe
1156 1114 1356 1158 distinctos,
1374 1122 1416 1150 ut
1437 1115 1502 1163 qui
1521 1114 1645 1150 animo
1662 1120 1699 1150 et

129 1171 191 1242 0¹³¹
208 1178 315 1242 mame
339 1179 479 1215 ratione
506 1178 770 1228 prudentiaque
800 1178 1004 1227 plurimum
1035 1183 1168 1214 natura
1198 1178 1334 1220 valent,
1363 1178 1440 1226 lege
1469 1186 1608 1214 naturae
1630 1178 1699 1214 sint

126 1222 302 1285 Ξῑῑῖἷηςωῗῑ
339 1243 505 1279 domini·
497 1270 507 1288 ‚
538 1242 702 1291 quivero
720 1254 868 1291 corpore
894 1241 1124 1290 praepollent,
1143 1249 1253 1290 atque
1273 1240 1350 1289 ejus
1370 1241 1433 1277 usu
1452 1249 1487 1278 et
1506 1240 1623 1277 officio
1645 1241 1699 1277 ita.

126 1306 256 1370 ῗὲξ“ἑῗε
273 1307 535 1350 qmexcellunt,
553 1313 597 1342 ut
624 1305 718 1342 nihil
748 1306 794 1341 ab
824 1305 868 1341 iis
898 1305 997 1341 aliud
1023 1303 1206 1354 expectari
1224 1304 1326 1354 poffit
1347 1305 1476 1340 melius
1494 1317 1534 1341 ac
1554 1305 1699 1354 praesta-

126 1350 213 1413 senii
258 1363 270 1379 '
340 1371 463 1414 bilius,
482 1370 519 1406 hi
545 1376 676 1406 natura
704 1370 772 1405 fint
795 1368 901 1413 servi,
921 1369 986 1418 qui
1015 1369 1148 1405 scilicet
1166 1369 1243 1405 nati
1264 1367 1359 1413 sunt,
1379 1376 1420 1404 ut
1447 1381 1521 1405 non
1548 1368 1601 1405 sui
1629 1369 1701 1405 fint

339 1435 396 1471 sed
415 1434 575 1476 alterius,
595 1442 632 1469 et
650 1445 725 1469 non
750 1432 814 1469 sua
841 1432 1060 1482 propriaque
1088 1432 1226 1468 ratione
1253 1439 1289 1468 et
1315 1432 1459 1468 consilio
1483 1432 1622 1474 vivant,
1641 1431 1699 1468 sed

337 1499 496 1535 alterius.
557 1497 757 1534 Concludit
779 1503 950 1533 naturam
969 1496 1060 1532 velle
1087 1508 1249 1544 corpora,
1268 1500 1329 1532 τῶν
1359 1493 1525 1546 {mv-&igar
1552 1494 1609 1531 καὶ
1638 1499 1699 1532 τῶν

335 1561 470 1606 ἒούλων,
498 1561 696 1598 liberorum
725 1566 762 1596 et
790 1559 987 1602 servorum,
1018 1559 1156 1595 diversa
1192 1558 1330 1604 facere3
1361 1559 1623 1607 haec·quidem
1652 1558 1700 1595 ad

337 1627 423 1663 usus
450 1626 538 1662 vitae
566 1624 788 1667 neceffarios,
807 1631 843 1660 et
869 1636 1064 1660 commune
1094 1623 1336 1659 ministerium
1366 1622 1519 1659 idonea:
1550 1622 1613 1658 illa
1634 1634 1700 1658 au-

338 1698 412 1728 tem
433 1690 562 1734 erecta,
582 1696 618 1726 et
645 1689 690 1726 ad
718 1688 864 1725 civilem
895 1688 1010 1724 vitam
1039 1700 1113 1723 non
1144 1687 1189 1722 ad
1218 1686 1337 1723 officia
1361 1686 1532 1735 corporis,
1550 1698 1702 1735 compa-

338 1763 430 1792 rata.
486 1754 660 1792 Accidere
689 1759 814 1789 tamen
845 1751 938 1801 saepe
964 1750 1201 1795 contrarium,
1221 1757 1263 1786 ut
1284 1749 1420 1786 seilicet
1447 1749 1510 1786 alii
1538 1743 1723 1800 corpora(

339 1820 404 1856 alii
425 1819 568 1856 animos
582 1818 753 1860 habeant,
774 1821 835 1854 τῶν
854 1814 1034 1866 ἐλευθέρων.

858 1921 920 1959 Ad
938 1921 1022 1972 Cap.
1032 1920 1182 1972 sextum.

131 2009 336 2057 Darursesvi-
401 2010 539 2049 Statuit
565 2009 630 2047 ess‘e
655 2008 864 2045 servitutem
893 2007 1058 2056 aliquam
1085 2007 1289 2056 legitimam
1308 2011 1344 2043 et
1361 2019 1405 2042 ex
1423 2005 1616 2042 hominum
1645 2005 1703 2042 in·-

131 2059 182 2082 tus
198 2052 316 2091 legans.
349 2075 486 2118 stituto,
505 2072 681 2110 diversam
702 2073 748 2108 ab
766 2084 808 2107 ea
827 2083 911 2119 quae
929 2070 1105 2106 naturalis
1132 2069 1277 2106 dicitur.
1333 2069 1422 2106 Qua
1448 2068 1627 2105 servitutis
1648 2068 1704 2105 di-

346 2139 538 2177 stinffione
569 2136 694 2185 pofita,
724 2133 869 2171 excusat
900 2147 960 2171 eos
987 2133 1052 2183 qui
1081 2134 1263 2182 negabant
1291 2131 1356 2169 effe
1382 2132 1497 2169 servos
1525 2145 1547 2168 a
1575 2138 1706 2168 natura

346 2204 452 2241 ullos.
508 2199 699 2250 Significat
718 2199 817 2235 enim
843 2211 902 2235 eos
927 2198 971 2234 de
993 2197 1100 2234 servis
1124 2197 1218 2233 bello
1236 2198 1365 2246 captis,
1383 2202 1420 2233 et
1438 2195 1627 2245 legitimis,
1645 2195 1705 2233 καὶ

349 2265 444 2304 ›ca-roi
472 2266 574 2313 νόμον,
595 2263 733 2300 locutos
763 2261 878 2299 fuisse.
935 2261 1022 2297 Quo
1051 2260 1152 2297 sensu
1175 2260 1310 2296 fatetur
1328 2259 1401 2309 ipse
1419 2259 1538 2296 nullos
1557 2258 1621 2295 effe
1639 2271 1705 2295 na-

350 2337 435 2366 tura
462 2328 602 2365 servos:
632 2327 740 2363 Tales
767 2325 868 2361 enim
894 2323 984 2360 servi
1013 2323 1096 2360 sunt
1124 2322 1218 2361 κατιὲ
1244 2321 1418 2366 συνθήκην,
1442 2335 1486 2359 ex
1513 2321 1706 2358 hominum

352 2391 544 2429 communi
575 2390 683 2440 pacto
703 2395 743 2425 et
771 2387 1007 2431 institutione,
1029 2387 1066 2423 id
1084 2387 1145 2430 est,
1163 2393 1206 2423 ut
1225 2387 1427 2435 loquuntur
1443 2384 1708 2436 Jurisconsulti,

351 2471 396 2495 ex
412 2455 494 2505 jure
513 2454 694 2504 gentium.
751 2452 864 2489 Quod
892 2450 940 2487 est
967 2450 1156 2499 ejusmodi,
1174 2456 1218 2486 ut
1237 2450 1330 2486 bello
1356 2457 1475 2500 capta,
1495 2450 1563 2485 fint
1585 2461 1708 2485 eorum

354 2521 421 2570 qui
443 2519 620 2559 vicerunt,
640 2523 751 2566 atque
778 2516 865 2552 adeo
890 2514 980 2551 vieti
1007 2512 1163 2550 serviant
1187 2513 1398 2551 vietoribus.
1452 2513 1560 2549 Hanc
1587 2519 1712 2549 tamen

357 2583 565 2620 iervitutem
586 2581 638 2617 ait
657 2578 852 2616 nonnullos
880 2590 1028 2627 gravem
1052 2583 1088 2613 et
1107 2577 1274 2626 iniquam
1301 2576 1521 2618 existimasse,
1541 2575 1665 2625 quod
1657 2589 1714 2611 ln-

353 2646 492 2697 justum
514 2645 694 2686 videatur,
711 2644 757 2679 ob
776 2641 889 2678 solam
917 2641 1119 2690 potentiam
1148 2640 1303 2676 alterum
1327 2639 1522 2681 dominari,
1541 2646 1578 2675 et
1595 2639 1642 2674 ob
1661 2639 1714 2674 10-

360 2711 436 2747 lam
457 2707 746 2745 imbecillitatem
766 2705 894 2742 servire
912 2705 1091 2741 alterum:
1121 2683 1240 2740 deberi
1266 2703 1364 2740 enim
1392 2702 1546 2752 imperia
1571 2702 1716 2746 virtuti,

344 2786 435 2812 'non
455 2771 654 2823 potentiae:
685 2770 792 2808 Alios
819 2781 902 2807 vero
922 2766 1058 2818 justam
1078 2767 1226 2824 putasse,
1246 2767 1343 2817 quod
1361 2766 1477 2805 virtus
1495 2766 1719 2815 τυγχάνουσαι
