1904 3308
349 174 739 217 ,POLITICORUM
765 174 1119 216 ARISTOTELIS
1159 176 1251 214 VII.
1283 184 1319 226 7.
1422 164 1546 212 lxxxvv

152 287 383 327 Graecorum.
439 288 643 340 Europaeos
669 288 771 327 enim
797 294 835 326 et
861 287 930 339 qui
958 286 1125 338 Frigidas
1157 285 1324 336 regiones
1352 276 1533 330 incolunt,
1545 280 1727 356 Ῑηῐθῑῖῐὲθὲΐ

149 359 192 390 ut
217 352 538 404 septentrionales,
566 353 764 400 animosos,
783 353 821 391 id
848 352 912 397 est,
939 352 1064 396 fortes,
1087 350 1296 396 iracundos,
1324 350 1529 400 generosos,
1542 331 1669 409 53³?ssth
1680 335 1755 399 inil-

150 416 351 463 bellicosos,
371 418 552 463 audaces;
581 418 640 456 sed
669 431 742 456 non
773 418 826 456 ita
852 417 990 468 pollere
1013 415 1169 467 judicio,
1189 415 1450 465 intelligentia,
1471 413 1652 462 in-timos,
1668 419 1702 443 et

150 479 275 530 genio,
295 487 359 518 aut
377 481 490 518 etiam
516 480 643 519 florere
671 481 830 519 scientiis
857 487 895 518 et
922 480 1085 528 artibus;
1116 479 1256 530 quippe
1276 478 1342 528 qui
1361 478 1528 516 calidiori
1542 465 1737 539 Ξῖἴὲῐέῑῖίο,

151 543 330 595 sanguine
362 546 603 591 abundantes,
635 559 739 584 arma
772 545 897 598 potius
929 558 1044 595 quam
1078 544 1207 582 Musas
1241 551 1306 581 aut
1338 542 1640 594 sapientiaeuales·
1679 586 1687 592 ,

150 610 269 648 studia
286 611 552 655 consefitentur,
573 611 796 662 ingenioque
812 611 883 648 sint.
901 611 1026 648 minus
1049 617 1175 656 acuto,
1189 615 1227 647 et
1254 609 1452 660 prudentia
1473 622 1527 647 re-
1539 586 1723 660 ξέἔξξέἲεῑ

151 676 317 715 miffiore.
371 677 520 727 Nempe
547 678 638 727 quia
666 678 705 714 in
734 676 880 729 frigidis
907 676 1120 727 regionibus
1139 688 1200 714 aer
1217 682 1253 713 et
1269 675 1408 712 coelum
1433 674 1528 713 cras-
1539 672 1693 721 be¹¹{⁰0s¹·

149 741 220 778 fius
253 741 314 785 est,
343 747 382 778 et
413 741 574 778 nubibus
608 741 828 792 plerumque
859 740 1046 784 infestum,
1078 741 1176 778 unde
1208 741 1312 778 cibus
1345 740 1527 791 potusque
1538 716 1731 791 &gig-pru-

149 805 307 850 craflior,
322 817 389 842 nec
401 804 488 843 satis
499 818 630 856 purus,
645 814 709 843 aut
724 806 845 844 tenuis
851 822 862 852 3
881 806 1053 856 Itemque
1067 805 1216 857 spiritus
1233 819 1277 842 ex
1291 818 1372 843 aere
1390 812 1427 843 et
1445 805 1529 843 san-

147 870 261 920 guine
285 870 416 921 geniti,
437 871 677 908 nebulofiores
707 884 774 909 nec
799 871 887 909 satis
915 871 1093 915 lucentes,
1123 871 1226 916 clari,
1254 877 1291 908 et
1319 871 1530 921 compositi,

149 935 277 984 quales
304 935 350 973 ad
380 935 503 973 literas
530 943 567 973 et
596 935 869 986 Philosophiam
897 937 1150 986 requiruntur.
1205 935 1285 974 Effe
1306 949 1391 973 vero
1410 936 1530 974 Euro-

147 1013 260 1052 paeos,
279 1007 322 1038 ut
341 1001 483 1046 Gallos,
501 1008 539 1039 et
567 1001 876 1052 Septentrionales
904 1002 1075 1053 populos,
1096 1002 1248 1039 audaces
1275 1008 1312 1039 et
1339 1001 1530 1052 generosos

149 1065 301 1103 testatur
319 1065 450 1103 Livius
470 1066 537 1104 lib.
558 1066 702 1104 xxxvii.
721 1074 758 1104 et
775 1067 934 1105 xxxviii.
955 1074 992 1105 et
1012 1067 1187 1105 Lucanus
1207 1068 1318 1105 Poeta
1336 1067 1399 1106 lib.
1419 1066 1500 1105 viii.

258 1130 377 1173 Omnis
395 1130 432 1167 in
448 1130 583 1168 Arfiois
597 1130 743 1182 populus
757 1131 945 1183 quicunque
957 1131 1104 1183 pruinis,

256 1195 433 1245 Nascitur,
452 1194 633 1233 indomitus
652 1195 758 1241 hellis,
777 1202 810 1234 et
826 1196 940 1234 mortis
959 1203 1104 1235 amator.

146 1258 327 1296 Afiaticos
355 1271 442 1296 vero
469 1259 633 1309 ingenio,
655 1266 733 1297 arte
758 1266 796 1296 et
822 1259 1014 1310 sapientia,
1034 1259 1242 1311 plurimum
1261 1260 1394 1305 valere,
1413 1260 1520 1311 igna-
1531 1265 1662 1298 Asiatici

145 1336 210 1360 vos
238 1330 362 1360 tamen
392 1323 475 1367 effe,
502 1324 644 1367 molles,
662 1323 922 1368 effoeminatos,
943 1324 1123 1370 imbelles,
1143 1332 1179 1362 et
1208 1337 1351 1374 parum>
1375 1325 1520 1362 animo·
1533 1310 1730 1385 {Yssisgfised

142 1387 213 1433 sos,
234 1388 388 1439 ideoque
415 1395 594 1439 perpetuo
623 1402 750 1439 parere
777 1402 820 1426 ac
847 1389 989 1434 strvire,
1007 1403 1094 1427 cum
1122 1390 1296 1441 Europaei
1315 1391 1442 1441 potius
1457 1391 1522 1428 do·
1567 1363 1588 1394 g
1690 1376 1699 1386 ⁶

145 1454 336 1492 minentur
364 1455 412 1491 ob
438 1454 610 1492 bellicam
642 1454 915 1492 fortitudinem.
971 1453 1091 1505 Cujus
1122 1455 1173 1492 rei
1204 1456 1300 1493 ratio
1330 1456 1392 1501 est,
1423 1457 1526 1506 quod

148 1518 302 1557 Asiatici
321 1519 378 1556 fiti
396 1519 467 1557 fint
487 1519 526 1556 in
546 1519 641 1557 coelo
659 1519 846 1565 calidiore,
867 1521 965 1558 unde
992 1519 1035 1557 fit
1062 1527 1105 1557 ut
1132 1520 1259 1558 exucci
1280 1520 1364 1566 sint,
1384 1522 1526 1572 quippe

144 1583 211 1634 qui
229 1584 395 1621 tenuiore
413 1597 456 1621 ac
475 1583 661 1621 subtiliore
687 1597 779 1629 aere,
802 1585 959 1636 ciboque
987 1591 1155 1628 utantur,
1174 1599 1219 1623 ex
1239 1599 1314 1635 quo
1331 1585 1375 1624 fit
1396 1593 1439 1624 ut
1457 1600 1524 1638 pa-

143 1661 228 1686 rum
249 1647 440 1699 sanguinis
467 1650 638 1692 habeant,
657 1648 812 1700 ideoque
838 1650 908 1686 fint
936 1649 1086 1695 timidi3
1118 1657 1155 1687 et
1179 1657 1304 1688 tamen
1324 1653 1523 1702 prudentes

141 1718 181 1749 et
207 1710 408 1762 ingeniosi3
439 1713 529 1762 quia
555 1712 705 1762 sanguis
733 1712 795 1750 ille
822 1713 950 1764 purior
969 1713 1034 1760 fit5
1063 1719 1102 1750 et
1119 1713 1269 1764 spiritus
1287 1727 1332 1751 ex
1351 1728 1394 1752 eo
1412 1715 1521 1754 item-

141 1789 215 1827 que
232 1790 278 1814 ex
297 1789 376 1814 aere
395 1777 525 1827 geniti,
546 1776 763 1817 subtiliores.
822 1778 930 1815 Unde
951 1779 1125 1816 Lucanus
1144 1779 1225 1817 loco
1242 1779 1357 1818 citato
1374 1795 1383 1818 :

248 1840 432 1893 Quicquid
444 1841 496 1879 ad
512 1842 598 1880 Eoos
617 1844 762 1887 iratius,
782 1842 964 1894 mundique
981 1851 1121 1895 teporem

250 1906 415 1951 Labitur,
435 1907 558 1945 emollit
570 1917 690 1958 gentes
707 1907 882 1946 clementia
901 1907 990 1947 coeli.

140 1971 290 2011 Graecos
317 1985 401 2010 vero
430 1979 473 2010 ut
505 1973 616 2010 medii
638 1972 722 2010 sunt
746 1973 843 2011 inter
869 1974 1084 2024 Europaeos,
1103 1980 1141 2013 et
1159 1976 1354 2022 Asiaticos,
1372 1978 1419 2016 fic
1438 1992 1518 2016 am-

138 2038 271 2074 borum
291 2037 440 2075 virtutis
459 2037 525 2076 effe
544 2038 754 2089 participes,
773 2038 927 2088 ideoque
953 2040 1061 2077 fimul
1088 2040 1272 2081 animosos
1291 2042 1372 2089 effe,
1391 2043 1518 2090 fortes,

138 2100 361 2152 ingeniosos,
393 2115 437 2139 ac
468 2102 678 2152 prudentes·
733 2103 792 2140 Ex
828 2116 903 2153 quo
936 2102 978 2140 fit
1009 2110 1052 2141 ut
1086 2104 1208 2143 Graeci
1241 2105 1382 2158 semper
1408 2109 1515 2147 liberi
1528 2113 1634 2146 Graeci
1656 2113 1739 2147 sem-

137 2167 223 2211 fint,
242 2173 279 2204 et
298 2167 589 2216 Rempublicam
609 2166 714 2205 suam
732 2167 874 2218 optime
902 2168 1158 2207 administrent
1175 2186 1183 2208 :
1214 2171 1274 2212 Ita
1292 2178 1335 2209 ut
1354 2173 1378 2210 fi
1401 2188 1514 2213 unam
1528 2167 1584 2197 per
1598 2157 1701 2190 liberi.

136 2232 311 2269 Politiarn
343 2232 540 2276 servarent,
575 2233 751 2272 omnibus
785 2234 959 2284 gentibus
996 2234 1139 2285 possent
1174 2235 1282 2274 facile
1316 2239 1515 2279 dominari.

137 2297 209 2334 Sed
239 2297 340 2346 quod
371 2297 439 2334 hoc
471 2297 552 2334 loco
582 2295 655 2334 suis
682 2297 824 2335 Graecis
851 2299 1024 2343 attribuit
1052 2300 1278 2346 Aristoteles,
1298 2316 1374 2341 non
1400 2306 1515 2343 credit
1527 2313 1598 2346 Lib.
1613 2313 1647 2345 ii.

136 2361 282 2407 Cicero,
303 2367 341 2399 et.
366 2362 551 2400 Romanis
578 2361 661 2399 solis
688 2364 967 2402 attribuendum
997 2371 1116 2416 putat.
1171 2367 1232 2404 Sic
1259 2367 1333 2406 suae
1352 2357 1649 2432 'quisquessuffstf

137 2426 242 2477 genti
259 2425 381 2464 favere
398 2426 484 2477 plus
502 2440 612 2476 aequo
630 2426 731 2465 solet.
787 2428 850 2466 Est
869 2435 995 2466 tamen
1015 2442 1119 2467 mens
1147 2431 1369 2478 Aristotelis,
1386 2441 1430 2471 ut
1447 2436 1515 2473 do·
1556 2410 1577 2432 u
1591 2410 1632 2432 cu
1647 2424 1657 2434 ⁶

133 2498 215 2529 ceat
237 2505 356 2529 mores
374 2499 411 2528 et
429 2492 580 2541 ingenia
606 2492 745 2529 civium
764 2499 801 2530 et
820 2492 1026 2531 incolarum
1047 2494 1149 2532 varia
1168 2495 1234 2533 effe
1254 2509 1322 2546 pro
1340 2498 1518 2538 varietate

134 2557 223 2595 coeli
241 2563 279 2594 et
298 2556 363 2593 soli
382 2571 391 2594 :
422 2557 521 2607 quod
549 2556 632 2593 sane
660 2557 710 2594 est
737 2557 974 2596 veriffimum.
1030 2559 1121 2596 Non
1142 2561 1245 2610 quafi
1264 2561 1370 2608 astra,
1389 2577 1462 2609 aer,
1481 2572 1520 2603 et

133 2619 222 2664 cibi,
249 2626 483 2670 externaeque
510 2619 629 2658 causae
658 2620 854 2659 necessario
871 2634 914 2659 ac
934 2634 1000 2672 per
1025 2622 1060 2659 se
1086 2622 1181 2660 vitia
1208 2630 1275 2661 aut
1302 2625 1457 2666 virtutes
1478 2629 1523 2668 in*

134 2684 280 2722 animos
309 2684 546 2735 imprimant,
566 2698 651 2735 quae
665 2698 688 2722 a
706 2685 821 2724 libera
839 2686 1036 2724 hominum
1068 2687 1260 2726 voluntate
1277 2690 1487 2742 dependent
1503 2710 1516 2742 ;
1530 2700 1561 2731 A
1573 2699 1660 2732 coelo
1671 2707 1705 2733 et

133 2748 195 2787 sed
221 2750 321 2800 quod
347 2756 465 2787 certas
498 2750 697 2800 qualitates
722 2751 952 2802 corporibus,
980 2765 1185 2804 eorumque
1213 2761 1518 2808 temperamentis
1530 2743 1596 2774 s⁰¹⁰
1611 2745 1701 2784 inge-

135 2814 145 2822 ,
564 2814 573 2822 ‚
595 2814 604 2822 ,
1066 2817 1074 2825 ‚
1530 2788 1585 2817 nia
1600 2794 1632 2819 et
1644 2797 1717 2823 rno-

134 2813 312 2862 inferant,
341 2827 428 2867 quae
455 2815 503 2854 ad
537 2814 688 2854 vitiosas
714 2815 772 2855 vel
807 2817 974 2855 honestas
1002 2816 1166 2857 actiones
1196 2820 1369 2863 animum
1395 2825 1517 2879 dispo-
1530 2839 1590 2863 res.

828 2880 884 2930 f3
