1904 3308
457 232 535 270 ‚avi
841 236 1083 278 sYNoPSIS
1106 210 1431 280 'ANALYTICA

456 339 587 394 datur,
610 342 785 394 simulque
813 332 998 393 politicus,
1026 342 1278 396 et'Basilicus,
1298 351 1367 388 five
1390 348 1629 401 Reipublicae'
1646 335 1804 389 adminiss

456 403 621 452 strandae,
642 407 696 446 vel
707 408 824 459 'regno
843 410 1004 450 idoneus.

1016 598 1218 622 ...Φ-..-

667 753 856 791 LIBER
886 753 1138 794 QUARTUS
1165 757 1552 798 POLITICORUM.

446 822 666 900 HABET
691 840 814 906 capita
832 857 999 903 sedecim,
1019 859 1081 896 ubi
1108 860 1151 897 de
1178 860 1382 911 Republica
1409 862 1515 900 tertio
1540 854 1667 912 genere
1693 851 1799 902 reetae

451 925 634 968 πολιτείοις,
651 924 899 971 Democratia,
914 926 1140 977 Oligarchia,
1158 928 1395 985 Tyrannide,
1424 929 1566 967 Deinde
1585 930 1628 967 de
1648 918 1799 969 summis

450 986 642 1024 civitatum
666 988 848 1037 partibus,
866 988 1012 1034 Senatu,
1033 982 1265 1039 Magistratu,
1283 997 1319 1027 et
1335 990 1504 1040 Judiciis.

949 1093 1012 1131 Ad
1033 1093 1119 1145 Cap.
1134 1095 1295 1145 primum.

501 1175 650 1220 Statuit,
671 1169 865 1215 Politicum
894 1183 1053 1227 quatuor
1072 1178 1159 1215 scire
1180 1179 1315 1216 debere.
1371 1179 1550 1223 PrImum‚
1570 1193 1653 1230 quae
1672 1181 1712 1218 fit
1730 1194 1796 1231 op·

447 1238 543 1276 tima
570 1239 799 1290 Reipublicae
822 1241 958 1286 forma,
981 1247 1019 1278 et
1044 1242 1212 1278 omnium
1242 1245 1357 1285 ἁπλως
1385 1240 1679 1292 praestantiffima
1734 1245 1795 1281 Se·
1827 1278 1829 1280 .

240 1292 389 1366 ἳῑὲῗέῗο
449 1304 627 1348 cundum,
657 1317 741 1354 quae
767 1305 810 1341 fit
835 1305 978 1355 optima
1002 1318 1068 1354 pro
1088 1306 1192 1342 rebus
1209 1294 1391 1354 subjeetis,
1416 1313 1452 1343 et
1480 1308 1594 1357 copiis
1612 1306 1798 1366 praesenti-

235 1345 299 1408 {leat
314 1346 421 1409 scii:
449 1359 530 1406 bus.
588 1368 773 1413 Tertium,
810 1368 1094 1418 Rempublicam
1132 1369 1196 1405 fibi
1231 1369 1406 1414 oblatam,
1444 1370 1704 1421 qualiscunque
1740 1373 1797 1416 fit,

234 1420 413 1453 P⁰¹¹t¹⁰²²m·
448 1432 559 1481 probe
577 1431 697 1478 noffe3
727 1437 804 1470 tam
825 1433 1007 1482 quomodo
1026 1433 1070 1469 ab
1089 1432 1194 1469 initio
1217 1432 1411 1469 constituta
1431 1432 1552 1477 fuerit,
1566 1448 1683 1484 quam
1704 1448 1796 1492 quo-

447 1493 584 1532 modo
568 1508 649 1544 Jam
669 1495 875 1539 constituta,
894 1495 996 1546 poffit
1022 1495 1086 1532 diu
1111 1495 1323 1533 conservari.
1379 1488 1580 1541 Quartum,
1598 1511 1680 1548 quae
1706 1498 1796 1535 Res-

443 1558 592 1608 publica
611 1558 670 1596 seu
688 1559 819 1596 Politia
845 1560 887 1596 fit
915 1559 1009 1596 inter
1035 1559 1200 1596 homines
1221 1560 1465 1604 communior,
1484 1567 1518 1597 et
1538 1553 1715 1612 plerisque
1734 1559 1794 1607 ae-

442 1615 718 1661 commodatior.
772 1616 856 1660 Hoc
881 1624 1010 1673 probat
1029 1623 1165 1660 artium
1194 1630 1230 1660 et
1258 1622 1487 1661 scientiarum
1509 1619 1689 1675 exemplo,
1709 1618 1799 1676 quae*

442 1698 517 1724 non
545 1686 780 1736 particulares
798 1686 947 1736 quidem
969 1687 1050 1731 fint,
1070 1693 1112 1723 ut
1129 1686 1212 1723 sunt
1231 1686 1435 1732 luetatoria,
1453 1683 1492 1724 et'
1507 1683 1721 1737 gladiatoria
1739 1691 1797 1726 re-¹

440 1749 566 1801 speetu
583 1750 828 1800 Gymnasticae
842 1766 853 1795 3
881 1750 1144 1800 Therapeutica
1161 1757 1390 1787 externorum
1413 1753 1620 1789 morborum
1639 1760 1675 1790 et
1691 1747 1792 1790 The-

439 1815 624 1866 rapeutica
651 1815 892 1860 internorum,
913 1815 1072 1866 respectu
1105 1815 1314 1860 Medicinae,
1334 1815 1390 1852 sed
1418 1830 1501 1866 quae
1528 1817 1596 1854 snt
1623 1808 1793 1866 perfthae

438 1886 475 1916 et
501 1879 629 1916 totales
647 1885 684 1916 et
702 1896 775 1930 πεςι
796 1882 897 1925 γένος,
915 1885 957 1916 ut
976 1878 1052 1929 ipsa
1069 1879 1318 1929 Gymnastica,
1338 1880 1535 1917 Medicina.
1590 1880 1663 1916 Hae
1690 1871 1797 1917 enim*

437 1942 483 1980 de
500 1942 571 1979 suis
589 1941 741 1992 objeEtis
768 1948 927 1992 quatuor
946 1942 1007 1979 ina
1025 1943 1148 1979 eodem
1179 1942 1287 1979 modo
1314 1943 1549 1979 considerant.
1596 1933 1797 1980 Medicina*

437 2007 537 2044 enim
558 2005 652 2043 noffe
669 2006 787 2049 debet,
806 2006 928 2043 Primo
945 2006 1130 2056 optimum
1149 2006 1360 2056 simpliciter
1382 2005 1545 2043 sanitatis
1563 2006 1734 2056 gradum,
1754 2011 1792 2043 et

436 2061 637 2121 perfeetam
656 2069 760 2106 illam
778 2069 1000 2119 qualitatum
1020 2071 1199 2118 ἰσονομίαν,
1212 2068 1372 2118 corporis
1390 2071 1609 2120 συμμετρίαν,
1628 2068 1789 2119 partium

434 2135 672 2172 cohaefionem
707 2139 743 2170 et
771 2133 951 2171 ordinem.
1005 2133 1184 2177 Secundo,
1201 2145 1281 2169 eam
1311 2132 1475 2170 sanitatis
1493 2133 1685 2176 rationem,
1704 2123 1795 2182 ‘q'uaeJ

436 2197 476 2235 in
510 2198 566 2235 his
600 2203 637 2234 et
671 2197 744 2234 illis
779 2197 922 2247 optima
954 2196 1163 2247 reperiatur,
1195 2209 1261 2246 pro
1292 2196 1498 2233 conditione
1527 2195 1785 2246 subjectorum.

433 2261 574 2307 Tertio,
593 2261 798 2312 quamlibet
817 2261 881 2298 fibi
901 2261 1135 2311 propofitam,
1160 2268 1203 2297 ut
1229 2273 1309 2297 eam
1340 2259 1433 2297 tueri
1460 2259 1564 2310 poffit
1581 2266 1646 2297 aut
1664 2266 1788 2297 emen-

433 2327 533 2365 dare.
589 2325 748 2369 Quarto,
769 2338 849 2362 eam
870 2338 954 2375 quae
971 2324 1204 2362 communior
1229 2325 1271 2361 fit
1298 2324 1392 2361 inter
1419 2324 1599 2368 hominm,
1627 2330 1668 2361 ut
1693 2320 1789 2362 circa

434 2401 530 2434 eam,
547 2402 633 2426 cum
657 2378 751 2439 'opus
778 2389 860 2434 erit,
880 2402 925 2426 ex
953 2394 1028 2426 arte
1055 2388 1273 2438 negotietur.
1330 2389 1507 2425 Eamdem
1534 2388 1650 2438 igitur
1665 2387 1731 2425 effe
1749 2385 1801 2426 in·

434 2459 510 2490 arte
538 2452 692 2490 Politica
718 2453 896 2490 rationem
923 2450 1112 2502 fignificat,
1143 2465 1226 2501 quae
1254 2450 1386 2489 scilicet
1413 2448 1474 2489 ars>
1497 2453 1538 2489 fit
1565 2444 1793 2502 perfe&a·‘et'

434 2517 571 2562 totalis,
591 2530 674 2566 quae
696 2530 771 2554 non
799 2515 893 2555 κατιὲ
917 2518 1035 2568 μόριον,
1053 2516 1098 2553 de
1124 2522 1226 2565 parte
1253 2515 1379 2564 aliqua
1396 2522 1460 2553 aut
1477 2516 1591 2566 specie
1607 2528 1682 2552 una
1699 2516 1789 2553 Rei-

433 2580 591 2630 publicae
605 2597 618 2628 3
646 2580 706 2618 sed
733 2581 777 2618 de
808 2581 980 2618 omnibus
1008 2580 1198 2630 generibus
1228 2578 1384 2624 differat,
1415 2585 1451 2617 et
1479 2580 1787 2630 gubernationum

433 2644 560 2692 modos
573 2657 700 2683 omnes
718 2657 762 2683 ac
779 2636 990 2682 discrimina
1001 2638 1174 2681 ⁴accurate
1193 2641 1439 2693 persequatur.

922 2749 986 2788 Ad
1005 2749 1298 2802 Cap.stcundum.

459 2821 665 2892 'Repetitis
681 2841 783 2880 brevi
809 2838 954 2893 epilogo
980 2841 1026 2880 iis
1054 2853 1138 2892 quae
1155 2840 1264 2893 supra
1280 2841 1324 2880 de
1341 2841 1469 2891 Regno
1486 2844 1523 2878 et
1542 2837 1790 2902 Ariston-atie,
