1904 3308
218 137 227 145 ι
282 168 665 216 POLITICORUM
691 163 1054 208 ARISTOTELIS.
1080 163 1196 202 VIII.
1230 173 1264 207 1,
1294 173 1332 200 2.
1412 158 1503 198 xciii

122 286 215 334 beri,
241 285 357 338 usque
383 286 430 324 ad
457 290 606 323 aetatem
634 280 881 323 κατακλίσεως,
903 283 941 316 et
966 275 1224 314 conviviorum
1252 271 1502 324 publicorum.
1515 273 1704 309 Accubitus.

121 353 233 392 Tunc
249 352 351 390 enim
371 349 567 400 disciplina
583 360 644 386 eos
663 340 881 384 continebit.
937 341 1081 379 Debere
1110 351 1242 388 pueros
1261 337 1404 375 institui
1426 335 1505 387 post

125 430 241 455 annos
259 416 412 468 septem.
467 413 743 452 Institutionem
766 421 853 446 vero
879 405 1178 456 distinguendam
1206 403 1273 441 effe
1301 401 1504 439 secundum

124 482 218 520 duos
235 479 472 532 septenarios,
491 479 545 517 ita
562 484 606 516 ut
623 487 701 514 una
720 474 763 512 fit
780 473 828 511 ab
852 484 952 510 anno
978 470 1136 521 septimo
1163 469 1209 506 ad
1237 468 1470 518 pubertatem
1489 483 1502 514 ;

125 546 242 584 altera
272 558 294 582 a
325 545 519 595 pubertate
550 539 666 592 usque
697 537 743 576 ad
773 548 915 575 annum
946 534 1163 571 vicefimum
1200 532 1382 583 primum.
1439 530 1505 567 Se-

125 611 315 663 quendam
342 615 487 648 naturae
513 607 741 646 divifionern.
795 603 962 642 Omnem
982 600 1084 638 enim
1103 606 1220 638 artem
1238 604 1274 635 et
1293 595 1502 634 doctrinam

125 675 312 716 defectum
341 680 483 712 naturae
508 671 676 723 supplere
697 682 739 707 ac
757 666 943 720 perficere,
963 672 1070 704 πᾶσα,
1088 667 1208 715 τέχνη,
1228 662 1285 701 καὶ
1305 660 1448 700 ara-3¹:10.
1465 660 1505 701 τὸ

127 745 325 794 {panib-or
342 741 502 784 βούλεται
521 741 581 781 τῆς
600 737 727 787 φύσεως
751 736 974 785 ἀναπληςοῦν.
1030 730 1144 769 Quod
1164 728 1239 768 fere
1261 727 1359 766 dixit
1377 726 1443 765 lib.
1463 726 1504 765 ii.

128 807 266 859 Phyfie.
286 818 368 857 cap.
392 804 430 843 8.
1095 812 1099 813 ⁷

694 985 896 1011 ...ο-.-

388 1149 545 1188 LIBER
572 1147 822 1187 OCTAVUS
851 1141 1244 1185 POLITICORUM,

130 1220 504 1296 ABSOLVITUR
530 1257 669 1307 septem
698 1255 898 1306 capitibus,
920 1267 1005 1305 quae
1032 1259 1111 1290 tota
1134 1251 1220 1289 sunt
1247 1249 1320 1302 περὶ
1349 1246 1508 1292 rachim,-

130 1329 193 1363 τῧι
221 1326 304 1369 rim,
322 1324 367 1361 de
395 1323 494 1361 reeta
522 1321 874 1360 adolescentulorum
903 1319 1146 1364 institutione,
1165 1318 1284 1367 deque
1305 1316 1507 1354 Gramma-

131 1388 220 1433 tica‚
239 1387 493 1438 Gymnastica,
512 1386 668 1429 Musica,
689 1385 894 1436 Graphica,
912 1383 973 1422 seu
1000 1389 1077 1421 arte
1103 1380 1309 1434 pingendi:
1339 1379 1400 1417 sed
1426 1392 1507 1416 ma-

132 1452 234 1490 xime
253 1453 298 1491 de
318 1453 461 1491 Musica
478 1458 514 1490 et
535 1450 751 1489 harmoniis

646 1557 711 1597 Ad
729 1557 815 1610 Cap.
827 1558 990 1610 primum.

186 1647 555 1689 Adolescentulorum
589 1646 859 1685 institutionem
888 1658 1016 1683 curare
1042 1644 1242 1694 diligenter
1266 1643 1396 1680 debere
1424 1642 1505 1680 No-
1521 1650 1627 1691 Magis
1642 1660 1713 1683 mo-

120 1716 340 1760 ,mothetam
360 1714 447 1751 hinc
465 1714 610 1764 probat,
629 1712 729 1762 quod
749 1723 792 1749 ea
810 1710 978 1761 neglecta
997 1709 1117 1746 multa
1140 1708 1341 1746 obveniant
1368 1706 1508 1745 Rebus·
1521 1695 1623 1744 menti
1636 1696 1682 1726 ⁶st

132 1779 294 1831 publicis
321 1778 581 1825 incommoda;
609 1779 647 1814 et
676 1790 722 1814 ex
749 1776 877 1813 eadem
904 1776 930 1812 fi
959 1775 1100 1825 optime
1119 1773 1200 1819 fiat,
1221 1773 1392 1811 nascatur
1409 1773 1508 1823 opti·
1520 1739 1707 1823 giriltdliigi.

136 1857 199 1882 ma
229 1843 375 1882 Politia.
427 1843 530 1880 Tum
562 1842 702 1884 statuit,
728 1841 856 1878 debere
888 1853 1016 1877 omnes
1043 1852 1174 1890 pueros
1204 1839 1333 1875 eadem
1363 1838 1510 1876 institu-
1644 1827 1646 1830 V

133 1907 248 1946 tionis
275 1906 397 1946 forma
423 1919 539 1956 eaque
565 1905 716 1956 publica
741 1904 892 1949 erudiri,
914 1916 1001 1941 cum
1019 1903 1106 1940 talis
1125 1903 1309 1941 institutio
1325 1902 1371 1940 ad
1391 1915 1510 1940 unum

134 1984 295 2022 eumque
313 1970 506 2022 publicum
527 1968 654 2014 finem,
673 1969 711 2006 id
730 1969 792 2013 est,
813 1970 859 2006 ad
877 1981 1079 2006 commune
1107 1969 1248 2005 bonum
1275 1967 1511 2018 Reipublicae

133 2037 274 2075 tendat.
328 2036 514 2074 Naturale
530 2035 631 2073 enim
649 2034 699 2072 est
717 2042 860 2086 partem
881 2033 999 2072 excoli
1016 2039 1168 2084 propter
1184 2040 1322 2072 totum.

633 2141 697 2181 Ad
714 2142 802 2195 Cap.
810 2141 1012 2194 ficundum.

188 2233 329 2272 Statuit
348 2232 444 2270 inter
461 2244 503 2269 ea
519 2244 606 2282 quae
622 2230 711 2268 vitae
729 2229 814 2268 sunt
833 2230 956 2275 utilia,
974 2229 1144 2268 discenda
1162 2229 1228 2267 effie
1248 2229 1373 2280 primo
1390 2230 1513 2281 magis

136 2298 340 2343 necessaria,
372 2311 458 2348 quae
488 2303 614 2334 tamen
647 2309 723 2334 non
754 2298 907 2334 reddant
939 2296 1116 2334 discentes
1147 2296 1321 2340 sordidos,
1355 2297 1446 2334 viles
1475 2305 1514 2337 et

135 2363 344 2407 illiberales,
372 2362 532 2406 Gallice,
563 2360 788 2413 mechaniques
816 2370 848 2399 et
880 2360 1019 2409 abjeHs.
1074 2362 1148 2399 Eas
1179 2375 1288 2413 porro
1319 2367 1415 2399 artes
1445 2362 1514 2402 effe

136 2428 344 2473 illiberales,
373 2440 458 2478 quae
490 2427 660 2478 ineptum
692 2439 825 2477 corpus
857 2427 1025 2470 reddunt,
1054 2427 1113 2464 vel
1145 2427 1316 2464 animum
1347 2427 1393 2464 ad
1421 2428 1513 2467 vilia

134 2494 366 2545 deprimunt,
402 2505 521 2543 neque
557 2492 759 2542 disponunt
794 2492 840 2529 ad
877 2492 1026 2529 virtutis
1063 2499 1099 2529 et
1136 2491 1333 2529 honestatis
1377 2491 1513 2533 officia.

134 2561 239 2599 Tum
269 2559 323 2597 ait
350 2571 425 2596 non
454 2558 522 2595 effe
549 2557 722 2595 illiberale
750 2556 909 2595 scientiis
938 2557 1150 2594 liberalibus
1179 2557 1350 2594 animum
1378 2556 1511 2606 adjun-
1523 2561 1716 2599 NoluitLu.

135 2638 234 2677 gere,
252 2625 313 2662 sed
332 2627 433 2675 μέχρι
449 2625 543 2667 τίνος,
559 2623 842 2672 quadamtenus.
896 2622 988 2660 Non
1007 2622 1108 2659 enirn
1127 2622 1250 2659 decere
1267 2622 1365 2660 cives
1383 2623 1512 2671 bonos,
1523 2606 1658 2682 ξᾶνὶξξ

138 2690 206 2742 qui
235 2688 469 2739 Reipublicae
502 2700 630 2725 curam
662 2686 747 2724 sunt
778 2687 956 2731 habituri,
990 2686 1128 2724 nimios
1161 2686 1228 2723 effe
1263 2686 1303 2724 in
1338 2662 1732 2729 scientiis.Gall.filium

139 2754 295 2792 Interim
324 2753 462 2790 studere
490 2758 556 2790 aut
584 2751 779 2802 quidpiam
800 2751 901 2789 aliud
921 2764 1028 2802 agere
1046 2750 1102 2788 sui
1122 2750 1245 2795 causa,
1262 2751 1320 2789 vel
1346 2753 1512 2799 virtutis,
1526 2736 1619 2768 suum
1636 2739 1698 2770 Ca-

139 2819 198 2857 vel
224 2818 446 2864 amicorum,
467 2830 542 2855 non
570 2816 639 2855 effe
668 2816 883 2855 indecorum
912 2824 979 2855 aut
1008 2815 1213 2854 illiberale:
1244 2823 1395 2869 propter
1419 2819 1512 2859 alios
1523 2779 1630 2856 {3¹32
1641 2782 1732 2858 igit!

1524 2876 1571 2900 te.
