1904 3308
469 207 572 245 xxxii
844 206 1088 245 SYNOPSIS
1115 205 1438 244 ANALYTICA

472 315 746 353 ministratione.
801 316 887 352 Ideo
917 315 942 351 fi
971 315 1066 351 cives
1095 314 1204 352 iidem
1235 321 1406 350 maneant
1433 312 1496 350 sub
1522 314 1644 351 eadem
1678 310 1823 356 Politia,

470 379 552 415 loco
569 386 692 416 tamen
713 372 934 422 dividantur,
954 385 990 415 et
1009 390 1138 427 agrum
1163 383 1320 421 mutent,
1339 379 1465 414 urbem
1494 378 1641 427 quidem
1660 390 1720 413 eos
1738 389 1823 414 mu·

471 449 559 486 tare,
578 456 651 479 non
669 442 868 484 civitatem,
889 442 925 478 id
945 442 994 478 est
1010 441 1308 491 Rempublicam.
1363 440 1507 477 Notatu
1533 441 1642 478 etiam
1664 440 1820 489 dignum

262 509 403 560 Baeylon
473 506 534 551 est,
569 506 667 555 quod
694 507 738 542 de
768 505 951 555 Babylone
982 506 1042 542 hic
1072 506 1124 542 ait
1155 503 1375 548 Aristoteles,
1401 516 1480 541 eam
1510 505 1632 554 potius
1663 510 1824 554 gentem,

261 559 463 635 {giutiilagnzns
475 582 585 619 quam
604 569 791 607 civitatem
817 569 944 613 videri,
971 569 1017 605 ob
1043 569 1258 610 vastitatem,
1280 566 1569 616 immensamque
1597 567 1824 617 magnitudi—

263 639 383 670 civitas.
473 646 584 671 nem:
615 634 667 670 ita
692 639 735 670 ut
762 645 845 669 cum
876 633 922 668 ab
949 632 1120 674 hostibus,
1148 633 1183 668 id
1212 631 1260 668 est
1286 645 1307 668 a
1335 631 1434 681 Cyro
1457 638 1564 680 capta
1582 631 1676 674 effet,
1693 638 1727 668 et
1741 629 1822 680 jam

474 704 543 733 tres
563 697 638 733 dies
656 695 916 746 praeteriissent,
934 696 1096 732 nondum
1125 709 1204 732 eam
1233 695 1298 732 effe
1323 703 1469 745 captam
1493 695 1623 732 scirent
1642 694 1680 738 ii,
1699 694 1764 743 qui
1783 693 1823 730 in

473 760 592 796 media
611 761 698 795 urbe
717 760 945 795 habitabant.
1002 759 1088 795 Erat
1104 765 1224 795 autem
1246 759 1406 795 ambitus
1425 758 1622 808 Babylonis
1637 757 1824 807 sexaginta

474 823 575 860 mille
595 822 774 872 paffuum,
793 830 833 859 ut
854 828 1003 858 narrant
1021 823 1228 859 Herodotus
1246 822 1311 860 lib.
1333 822 1357 859 i.
1376 828 1412 859 et
1430 822 1557 859 Strabo
1574 821 1636 858 lib.
1657 834 1693 858 x.

968 926 1031 964 Ad
1050 927 1134 977 Cap.
1153 935 1323 978 quartum.

529 1013 676 1056 Statuit,
695 1013 807 1050 alium
828 1011 894 1049 effe
913 1012 1031 1048 virum
1050 1013 1335 1056 bonum‚valium
1355 1013 1491 1048 bonum
1521 1011 1636 1048 civem
1665 1008 1825 1047 absolute

265 1083 436 1132 virbonus
474 1077 669 1127 loquendO,
698 1077 756 1115 nal
789 1080 927 1122 ἁπλῦς;
957 1076 1015 1113 seu
1043 1076 1141 1126 quod
1169 1077 1262 1112 idern
1291 1077 1354 1118 est,
1373 1089 1447 1112 non
1474 1075 1538 1112 effe
1565 1075 1728 1112 eamdem
1755 1073 1827 1110 viri

264 1127 381 1199 {ig-233
396 1135 464 1156 owe
476 1142 576 1186 boni,
595 1148 630 1178 et
648 1142 733 1178 boni
751 1141 840 1178 civis
859 1141 1030 1177 virtutem
1053 1139 1215 1177 universe
1242 1147 1277 1176 et
1305 1140 1519 1189 generatim.
1573 1139 1719 1187 Nempe
1739 1138 1827 1186 quia

475 1206 545 1243 viri
566 1206 777 1256 {impliciter
799 1205 886 1241 boni
915 1205 1030 1241 virtus
1059 1204 1107 1240 est
1135 1207 1210 1240 una
1239 1203 1411 1253 perfeeta,
1431 1200 1686 1253 καλοκᾳγαθῖοι,
1704 1200 1827 1238 ἀίἑῖεε

475 1283 560 1320 quae
592 1270 642 1306 est
675 1269 875 1306 Moralium
908 1268 1087 1304 virtutum
1121 1274 1249 1303 catena
1278 1275 1315 1303 et
1341 1265 1546 1315 complexio
1574 1263 1754 1314 perfeEta:
1783 1260 1854 1300 de'

475 1347 550 1384 qua
570 1334 607 1370 in
627 1333 780 1376 Ethicis,
798 1339 833 1369 et
853 1333 916 1369 lib.
936 1332 1000 1370 vii.
1019 1332 1172 1368 Eudem.
1192 1330 1310 1380 capite
1339 1330 1488 1372 ultimo,
1513 1330 1557 1365 ad
1587 1330 1678 1365 bene
1701 1328 1826 1364 viven-

474 1398 564 1434 dum
592 1403 827 1446 comparata3
858 1397 911 1432 At
939 1396 1054 1431 virtus
1085 1395 1170 1431 boni
1190 1394 1279 1430 civis
1298 1406 1370 1429 non
1389 1393 1436 1429 est
1455 1390 1641 1440 ejusmodi.
1696 1391 1828 1440 Neque

475 1461 573 1497 enim
593 1459 642 1499 est
660 1461 732 1496 una
752 1458 931 1508 perfecta:
963 1458 1049 1507 quia
1067 1471 1152 1494 cum
1176 1456 1404 1507 Reipublicae
1431 1468 1562 1505 genera
1587 1454 1725 1491 diversa
1744 1454 1826 1498 fint,

475 1523 607 1560 necesse
625 1523 674 1560 est
697 1523 835 1559 civium
864 1522 974 1559 etiam
1005 1534 1135 1572 genera
1164 1520 1229 1557 effe
1254 1520 1405 1563 diversa,
1425 1526 1534 1569 atque
1561 1519 1648 1554 adeo
1674 1516 1828 1554 diversas

475 1589 628 1624 virtutes
646 1603 654 1625 :
684 1599 768 1625 cum
788 1587 881 1632 alius
899 1587 940 1622 fit
958 1586 1047 1622 civis
1074 1587 1190 1622 bonus
1210 1585 1247 1621 in
1267 1596 1389 1634 regno,
1409 1583 1501 1620 alius
1522 1584 1559 1619 in
1580 1580 1828 1625 Aristocratia,

474 1652 568 1689 alius
588 1651 625 1687 in
644 1651 740 1688 alia:
770 1657 807 1686 et
831 1651 921 1687 civis
949 1652 1065 1686 bonus
1092 1662 1134 1686 ea
1161 1663 1244 1698 quae
1271 1648 1555 1692 suntvcivitatis,
1585 1646 1741 1697 speffiet5
1770 1647 1829 1684 vir

476 1722 597 1752 autem
636 1716 766 1757 bonus,
799 1723 882 1763 quae
914 1714 997 1751 sunt
1027 1713 1184 1751 absolute
1220 1714 1327 1755 bona,
1357 1699 1514 1754 honesta,
1548 1718 1582 1748 et
1615 1710 1825 1748 laudabilia.

475 1781 583 1818 Adde
613 1780 710 1830 quod
738 1780 776 1816 in
800 1779 924 1815 eadem
952 1778 1156 1828 Republica
1182 1777 1277 1813 cives
1304 1789 1375 1813 non
1404 1776 1472 1812 smt
1499 1775 1608 1824 plane
1626 1773 1750 1816 iidem,
1766 1773 1824 1810 std

475 1844 628 1895 disparis
654 1843 887 1880 conditionis.
940 1841 1127 1879 Differunt
1153 1841 1251 1877 enirn
1272 1840 1340 1876 viri
1361 1853 1382 1876 a
1401 1839 1626 1879 mulieribus,
1645 1836 1828 1874 dominica

424 1956 426 1959 .
475 1907 600 1951 servis,
619 1908 805 1944 Senatores
823 1919 844 1942 a
864 1905 1067 1946 militibus;
1097 1917 1253 1954 quorum
1283 1911 1325 1940 ut
1354 1903 1443 1940 tales
1470 1901 1564 1943 sunt,
1592 1900 1740 1938 diversae
1765 1901 1828 1938 de-

475 1972 562 2007 hent
582 1969 648 2007 effe
661 1970 832 2011 virtutes,
851 1974 898 2004 ut·
910 1975 946 2004 et
965 1967 1174 2004 saltatorum
1192 1980 1202 2008 ς
1231 1965 1301 2003 alia
1320 1965 1419 2002 enim
1439 1964 1556 2000 virtus
1574 1963 1622 2000 est
1640 1965 1830 2015 κορυφαίου,

476 2034 721 2085 praesultori35
757 2032 828 2069 alia
855 2031 1093 2082 παραστάτου,
1123 2030 1187 2080 qui
1217 2030 1250 2066 ei
1282 2029 1470 2079 proximus
1496 2027 1569 2064 est:
1599 2027 1697 2065 illius
1726 2027 1826 2064 enim

478 2108 592 2147 quam
631 2094 745 2145 hujus'
777 2098 866 2133 ficut
899 2095 1111 2144 imperantis
1141 2100 1177 2130 et
1209 2093 1357 2143 privati,
1390 2093 1506 2128 virtus
1542 2090 1735 2140 perfeetior
1767 2091 1829 2129 est.

477 2162 595 2198 Docet
613 2162 734 2211 postea
751 2156 845 2210 poffe
863 2159 955 2196 civis
972 2157 1138 2206 alicujus,
1157 2164 1250 2207 puta
1265 2155 1424 2205 ejusqui
1450 2154 1708 2203 Magistratum
1729 2161 1830 2203 gerat

477 2231 514 2262 et
543 2225 624 2262 aliis
654 2225 821 2274 imperet,
848 2223 1012 2260 eamdem
1040 2221 1106 2258 effe
1132 2221 1320 2264 virtutem,
1340 2233 1423 2269 quae
1449 2219 1498 2256 est
1522 2219 1591 2255 viri
1619 2219 1733 2264 boni;
1762 2219 1831 2256 five
1866 2216 1870 2228 ²

479 2290 579 2338 quod
606 2289 701 2326 idem
729 2289 789 2330 est,
810 2288 971 2337 aliquem
998 2288 1134 2323 bonum
1163 2285 1295 2328 civem,
1325 2280 1450 2321 debe're
1476 2282 1586 2319 etiam
1614 2282 1680 2319 effe
1707 2283 1828 2320 virum

478 2354 632 2398 bonum,
652 2352 777 2388 saltem
797 2351 836 2388 in
854 2351 998 2400 optima
1025 2350 1185 2399 quadam
1214 2347 1428 2397 Republica,
1447 2352 1488 2383 ut
1507 2347 1545 2382 in
1568 2346 1829 2391 Aristocrati25

477 2414 582 2466 cujus
604 2415 785 2466 principes
808 2415 982 2451 dicuntur
1008 2403 1219 2462 optimates,
1239 2411 1336 2460 quod
1356 2410 1425 2446 fint
1442 2410 1611 2446 omnium
1628 2409 1775 2459 optimi,
1794 2409 1832 2446 id

437 2510 441 2513 Δ
478 2479 528 2516 est
554 2491 627 2515 non
656 2478 743 2515 boni
770 2484 916 2514 tantum
944 2476 1052 2520 cives,
1076 2475 1133 2512 sed
1161 2475 1230 2512 viri
1258 2473 1469 2523 {impliciter
1493 2470 1597 2516 bon'i,
1626 2474 1835 2522 prudentes,

476 2540 579 2591 justi,
596 2547 852 2591 temperantes,
871 2547 906 2576 et
924 2539 1058 2577 caeteri.
1104 2537 1230 2587 Vulgo
1248 2537 1345 2574 enim
1365 2536 1523 2573 dicimus
1542 2535 1745 2585 Principem
1762 2536 1834 2573 five

481 2605 735 2655 magistratum
754 2602 989 2646 bonumseffe
1007 2603 1129 2639 virum
1147 2602 1286 2638 bonurn
1306 2606 1341 2637 et
1360 2600 1587 2650 prudentem,
1607 2600 1661 2637 τὸν
1679 2598 1833 2650 ἄρχονται

482 2669 536 2706 τὸν
565 2667 757 2712 emulator,
780 2665 912 2715 aya-‘33⁹
941 2664 1023 2703 εἶναι
1052 2664 1110 2703 καὶ
1140 2666 1300 2719 φρόνιμον.
1355 2664 1519 2714 Apparet
1539 2675 1632 2713 *ergo
1661 2662 1834 2701 virtutem
1872 2663 1875 2673 ’

482 2732 853 2783 imperantisldifferre
872 2745 892 2769 a
912 2732 1047 2768 virtute
1066 2728 1351 2780 obtemperantis
1366 2744 1377 2775 3
1409 2726 1622 2777 imperantis
1649 2732 1771 2763 autem
1799 2730 1845 2762 et'
1871 2716 1874 2719 ¹

481 2797 552 2836 viri
570 2798 657 2839 boni
673 2797 740 2836 effe
758 2797 937 2835 eamdem.
991 2794 1169 2833 Notanda
1197 2792 1346 2830 interim
1373 2791 1434 2829 est·
1450 2791 1560 2829 initio
1586 2790 1716 2841 capitis
1734 2801 1834 2840 egre-
