1904 3308
330 171 715 214 POLITICORUM
740 167 1104 224 ARISTOTELIS.
1132 168 1182 207 V.
1212 182 1252 218 3.
1437 165 1491 204 lxi
1512 193 1515 195 >

117 282 448 337 parvifae'tionem:
479 286 543 324 vix
567 285 668 323 enim
696 283 803 322 aliter
827 284 1014 334 ὃλιγυρίαι,
1030 286 1166 325 vertas,
1185 291 1271 317 cum
1291 274 1590 329 incuriamflxfw,
1603 287 1705 306 uu·

118 358 163 389 ut
181 352 387 389 Lambinus
401 352 526 397 vertit,
544 364 619 388 non
637 348 813 400 fignificet
828 363 840 384 a
867 347 1128 397 exiguitatem,
1145 326 1700 404 diffimilitudinem.222’323'335,

117 416 194 454 His
219 418 319 455 enim
349 417 464 454 causis
493 417 594 466 quasi
623 414 779 453 stimulis
806 412 993 451 acerrimis
1010 410 1218 449 exacerbati
1237 408 1348 454 cives,
1366 408 1492 445 turbas
1503 406 1599 456 9⁵¹25‚
1615 404 1677 435 ὄλι-

117 487 155 519 et
173 483 359 521 tumultus
380 490 546 520 movent.
1504 461 1685 534 3553:th

1502 534 1670 574 α’νομοιότη·

633 587 696 626 Ad
714 586 803 639 Cap.
823 586 956 624 tertium
964 613 972 623 .
1504 591 1557 611 “-

172 676 274 715 Quae
290 677 412 727 capite
430 675 605 727 superiori
624 676 783 714 brevner
798 675 844 713 de
861 674 1034 712 undecim
1053 673 1170 711 causis
1185 671 1408 710 seditionum
1426 683 1492 708 ex-

115 741 234 793 preffit
249 758 261 788 3
290 755 333 779 ea
352 744 420 779 hoc
437 748 474 779 et
491 741 670 792 sequenti,
697 740 844 778 uberius
868 739 1034 791 exponit,
1063 745 1099 776 et
1127 737 1202 775 fere
1229 736 1358 775 omnia
1384 735 1490 773 adhi-

116 806 205 844 bitis
239 806 418 857 exemplis
450 806 619 843 illustrat.
675 806 766 843 Quo
800 805 882 842 loco
916 803 1123 841 notandum
1158 802 1299 853 septem
1337 801 1490 851 quidem

114 871 253 922 priores
272 870 398 908 causas
417 870 482 908 effe
505 871 736 922 praecipuas;
765 878 926 920 quatuor
951 882 1038 906 vero
1065 868 1290 920 posteriora,
1317 866 1490 904 remiffio·

113 948 195 981 res;
225 936 278 974 ita
308 943 351 973 ut
384 937 442 973 hae
472 935 546 973 fere
579 936 649 973 {int
681 930 818 986 absque
853 934 1035 972 tumultu.
1092 933 1371 971 Contumeliam
1403 945 1492 982 ergo

113 999 262 1038 causam
283 999 351 1038 effe
369 999 606 1045 seditionum,
623 1012 710 1037 cum
739 999 876 1038 scilicet
904 998 1140 1049 magistratus
1156 997 1392 1036 contumeliis
1410 995 1491 1034 affi-

113 1064 218 1102 ciunt
247 1065 435 1115 privatos3
466 1065 553 1102 item
587 1065 749 1109 lucrum,
781 1077 868 1102 cum
902 1064 969 1113 qui
1003 1063 1178 1114 praesunt,
1211 1063 1360 1113 publica
1394 1063 1492 1099 bona

113 1129 403 1179 depeculantur;
430 1129 486 1167 vel
506 1129 618 1166 etiam
647 1130 878 1180 privatorum
908 1128 1076 1166 fortunas
1100 1129 1304 1174 invadunt;
1335 1129 1491 1165 honores

114 1194 228 1231 etiam
248 1201 284 1231 et
304 1194 472 1244 imperia,
489 1206 575 1231 cum
595 1207 637 1231 ea
652 1194 874 1231 exhibentur
887 1193 1066 1242 indignis,
1083 1193 1140 1230 vel
1158 1205 1244 1230 cum
1265 1192 1396 1229 multis
1415 1205 1491 1230 non

114 1260 467 1305 communicantur;
503 1260 610 1296 docet
645 1258 711 1295 effe
748 1271 862 1308 quam
900 1258 1141 1296 notiffimum.
1195 1258 1293 1295 Item
1330 1257 1491 1295 nimiam

114 1323 227 1360 unius
254 1330 319 1360 aut
347 1323 497 1360 alterius
526 1321 699 1375 ὑπεροχὴν,
729 1323 994 1373 praestantiam,
1013 1323 1083 1360 five
1102 1323 1142 1360 in
1161 1323 1307 1373 opibus,
1324 1323 1395 1360 five
1422 1335 1491 1373 po-

113 1388 245 1433 tentia,
276 1394 342 1425 aut
375 1388 498 1426 favore
528 1388 631 1425 civili
648 1405 658 1434 3
690 1388 777 1425 binc
807 1388 908 1425 enim
942 1385 1118 1438 quasdam
1147 1389 1256 1424 urbes
1283 1387 1380 1425 viros
1409 1387 1492 1426 illos

112 1451 435 1503 superexcellentes
465 1452 588 1490 solitos
626 1452 855 1506 ὀστρακίζειν,
888 1453 924 1491 id
957 1453 1020 1496 est,
1052 1452 1261 1491 ostracismo
1291 1453 1352 1490 seu
1389 1453 1490 1490 testae

109 1517 214 1568 jactu
249 1519 288 1556 in
319 1519 474 1556 exilium
505 1519 679 1569 relegare,
706 1524 750 1556 ut
777 1518 922 1556 diflum
956 1519 1006 1556 est
1038 1519 1145 1570 supra
1175 1519 1239 1557 lib.
1261 1519 1317 1558 iii.
1345 1518 1580 1569 Politiacqp.
1598 1529 1651 1564 13,-

113 1591 290 1635 praeterea
312 1590 470 1629 metum,
488 1595 575 1622 cum
604 1584 740 1622 scilicet
766 1584 823 1621 vel
852 1584 1110 1622 imbecilliores
1132 1590 1306 1622 metuunt
1323 1597 1368 1622 ne
1389 1582 1491 1634 inju-
1502 1564 1572 1594 ³¹⁰⁵
1584 1574 1616 1605 ⁹-

113 1648 171 1686 ria
189 1647 397 1686 afficiantur
415 1661 436 1685 a
456 1648 724 1698 potentioribus
742 1662 751 1685 :
782 1648 838 1685 vel
857 1661 943 1685 cum
964 1648 1002 1685 hi
1022 1640 1164 1699 plebem
1190 1648 1338 1685 timent.
1394 1649 1490 1686 Item

114 1720 373 1764 contemptum
389 1730 401 1760 3
430 1720 467 1750 et
486 1725 667 1763 magnum
686 1713 797 1750 unius
816 1712 1021 1764 cujuspiam
1042 1713 1188 1751 Politici
1214 1713 1354 1750 ordinis
1373 1713 1491 1751 incre-

117 1785 288 1816 mentum
321 1791 363 1815 ac
390 1778 610 1828 potentiam,
635 1778 701 1827 qui
730 1778 832 1815 locus
860 1779 900 1815 in
928 1783 1034 1815 textu
1065 1778 1114 1815 est
1143 1778 1292 1815 illustris
1319 1785 1355 1815 et
1382 1779 1493 1829 longe

115 1843 398 1894 pulcherrimus.
452 1844 502 1881 Et
530 1845 595 1880 has
622 1844 773 1893 quidem
799 1843 936 1894 septem
955 1843 1079 1881 causas
1096 1843 1163 1882 effe
1180 1845 1386 1895 praecipuas
1407 1858 1491 1882 mu·-

116 1909 318 1953 tationum,
349 1922 434 1959 quae
464 1908 577 1946 etiam
610 1921 696 1945 cum
726 1908 900 1946 seditione
931 1922 973 1946 ac
1003 1916 1109 1947 motu
1139 1909 1244 1949 fiant.
1298 1911 1379 1949 Effe
1406 1924 1492 1950 vero

117 1974 208 2012 alias
239 1980 398 2024 quatuor
430 1974 502 2011 fine
539 1980 668 2018 motu3
710 1972 863 2026 ἔςίθειαι,
896 1975 1096 2020 vilitatem,
1126 1976 1196 2013 five
1233 1980 1488 2028 contemptam

116 2039 204 2077 vitae
222 2039 418 2082 rationem,
437 2045 478 2076 ut
497 2039 520 2075 fi
542 2038 776 2088 magistratus
794 2039 945 2078 sordidis
963 2039 1184 2092 abjeffisque
1210 2042 1364 2093 plebeiis
1383 2056 1490 2081 man-
1503 2043 1611 2074 Livius
1625 2043 1680 2086 dee

115 2104 275 2142 dentur:
307 2104 376 2140 hoc
393 2103 493 2140 enim
511 2116 608 2153 aegre
626 2103 749 2140 statim
768 2103 892 2142 ferunt
918 2112 955 2142 et
982 2106 1226 2156 indignantur
1244 2108 1462 2146 honestiores
1478 2087 1628 2172 2ζέῗέΠῖ

115 2171 307 2222 ὂλιγωςίαι,
335 2168 602 2219 negligentiam
634 2169 1054 2222 five-parvifaffionem,
1075 2185 1159 2221 quae
1183 2173 1232 2210 est
1253 2187 1341 2211 cum
1371 2175 1491 2225 negli-
1617 2151 1628 2163 ⁹

114 2241 244 2285 genter
261 2233 486 2271 mandantur
500 2232 747 2282 magistratu&
761 2240 853 2284 puta
872 2233 917 2271 iis
933 2235 999 2285 qui
1016 2249 1149 2286 parum
1161 2249 1248 2287 erga
1267 2236 1491 2289 Rempubli-

116 2312 201 2338 carn
219 2298 304 2337 sunt
322 2297 444 2336 affecti
461 2314 470 2335 :
501 2304 646 2348 oportet
663 2299 763 2336 enim
783 2312 844 2336 eos
862 2300 926 2350 qui
946 2300 1124 2351 praesunt,
1144 2302 1212 2339 effe
1234 2303 1332 2340 viros
1358 2305 1491 2350 bonos,

115 2364 280 2409 idoneos,
308 2369 345 2400 et
372 2363 502 2414 patriae
530 2369 722 2400 amantes:
753 2364 792 2402 τὸ
818 2365 945 2415 μικρὸν,
965 2365 1160 2416 exiguum,
1179 2369 1249 2406 five
1276 2382 1354 2406 rem
1383 2373 1490 2422 parvi

117 2428 315 2474 momenti,
342 2441 428 2479 quae
454 2430 478 2465 fi
510 2427 620 2465 initio
647 2429 851 2479 negligitur
876 2436 920 2467 ut
949 2432 1110 2478 morbus,
1130 2434 1256 2472 senfim
1276 2438 1436 2488 obrepit,
1452 2445 1490 2476 et

113 2492 303 2534 crescendo
319 2500 440 2530 nocet.

222 2557 405 2609 Principiis
422 2556 610 2609 offla‚sero
628 2557 792 2596 medicina
803 2569 970 2610 paratur,
1501 2568 1651 2607 Ovidius,

281 2621 367 2660 Cum
386 2622 482 2660 mala
492 2623 686 2674 perlongus
702 2624 882 2663 invaluere
899 2639 1023 2665 moras.

172 2686 280 2726 Omne
304 2686 432 2724 malum
458 2689 592 2736 nastens
606 2688 721 2737 facile
745 2689 956 2740 opprimitur,
977 2691 1208 2731 inveteratum
1222 2693 1277 2741 fit
1293 2695 1491 2752 plerumque
1500 2698 1572 2736 Cic.
1589 2703 1707 2745 Philip.

115 2750 292 2801 robustius,
312 2760 345 2789 et
368 2751 522 2802 neglecta
535 2751 646 2802 sblent
662 2752 816 2792 incendia
829 2755 966 2806 sumere
983 2757 1088 2795 vires.
1143 2758 1318 2811 Denique
1336 2780 1492 2803 στασιυ-
1505 2755 1536 2778 ¹⁴

117 2817 208 2856 ‘min
236 2815 320 2856 εἶναι
347 2815 396 2867 μὴ
423 2819 603 2879 ὅμόφξιλον,
631 2819 679 2856 ad
707 2818 921 2862 seditionem
949 2822 1184 2866 excitandam
1217 2825 1329 2867 etiam
1359 2829 1490 2877 valere,
