1904 3308
398 178 425 205 -ο
761 166 1002 204 SYNOPSIS
1032 166 1145 204 ANA
1151 166 1351 204 LYT'ICA

193 462 253 493 Dei
266 461 367 500 provi-

193 505 336 539 dentiam

194 548 327 578 miratur
341 547 384 579 A·

195 589 355 628 tistooelen

195 1195 292 1229 Nefas
306 1203 388 1230 uxo·

194 1247 262 1270 rem
274 1238 396 1281 laedere.

191 1584 348 1632 Ducenda

191 1636 289 1676 virgo.

194 2131 364 2163 Servorum

193 2173 363 2218 diffiniam.

404 278 515 322 atque
533 286 577 314 ex
596 272 792 311 liberorum
822 275 1068 324 procreatione
1087 275 1257 323 sequatur
1273 274 1413 314 mil-ictas
1436 280 1630 324 parentum
1647 289 1658 319 ς
1687 272 1755 322 qui

405 336 503 384 quod
531 335 689 375 officium
717 335 924 384 junioribus
952 338 1073 374 liberis
1100 337 1420 387 p1·aestitere‚idem
1449 350 1470 373 a
1498 337 1619 374 liberis
1644 349 1756 386 gran-

403 397 578 442 dioribus,
598 397 661 447 ipsi
680 397 830 435 seniores
849 398 937 438 faeti
963 399 1163 447 recipiant3
1196 399 1284 437 item
1313 408 1354 435 ut
1382 399 1508 447 speciei
1535 397 1757 435 conservatio

407 459 448 495 fit
482 467 666 509 perpetua.
721 462 821 500 Tum
860 462 930 498 Dei
963 461 1229 510 providentiam
1263 462 1477 504 admiratur,
1507 462 1572 510 qui
1608 461 1754 498 societa-

407 529 479 561 tem
500 523 568 561 viri
587 533 622 562 et
641 524 762 564 uxoris
789 525 834 563 fic
863 524 1030 569 instituit,
1050 531 1089 561 ut
1110 525 1191 561 lieet
1213 525 1398 573 utriusque
1425 523 1542 561 officia
1567 531 1756 561 naturam-

407 599 478 636 que
496 586 712 629 distinxerit,
727 595 762 625 et
791 587 890 636 quafi
917 588 1098 627 contraria
1125 588 1263 631 fecerit,
1283 589 1321 626 in
1350 601 1465 624 unum
1495 595 1617 625 tamen
1644 586 1755 628 finem

408 650 445 687 id
472 651 520 687 est
549 651 586 692 in
613 652 750 688 bonum
778 650 931 688 familiae
958 652 1067 687 ambo
1094 651 1311 701 conspirent.
1366 652 1425 692 Sic
1441 652 1560 691 virum
1579 651 1644 688 efse
1662 651 1757 700 vigi-

405 714 478 751 lem
498 714 682 758 fortiorem
712 721 748 751 et
775 714 1023 757 robustiorem,
1042 722 1083 751 ut
1111 716 1206 754 bona
1233 723 1336 765 parta
1361 722 1516 765 tueatur,
1536 725 1569 752 et
1592 716 1757 765 acquirat

406 777 507 824 foris,
526 778 751 827 domumque
770 778 921 823 afferat;
952 791 1101 825 uxorem
1131 779 1403 820 imbecilliorem
1430 785 1466 815 et
1495 779 1757 823 meticulosam,

406 848 450 879 ut
467 842 562 877 bona
579 841 774 886 conservet,
795 847 830 877 et
848 840 961 886 discat
980 841 1066 878 stare
1084 842 1198 878 domi.
1251 843 1404 882 Interim
1425 844 1470 878 ab
1489 851 1643 892 utroque
1666 843 1755 879 libe-

406 917 463 944 ros
483 904 686 954 procreari5
716 903 772 944 sed
800 916 822 943 a
850 910 964 940 matre
985 905 1128 942 educari
1147 906 1215 942 five
1233 906 1381 950 nutriri,
1401 918 1422 942 a
1440 913 1543 960 patre
1562 906 1699 943 institui
1720 912 1756 946 et

405 967 553 1010 erudiri.

905 1082 968 1125 Ad
986 1083 1070 1133 Cap.
1088 1090 1257 1134 quartum.

461 1179 631 1230 Praecipit
657 1192 702 1218 ne
729 1178 835 1216 uxori
864 1179 1015 1216 maritus
1034 1178 1206 1228 injuriam
1233 1178 1387 1224 inferat3
1415 1180 1530 1230 Juxta
1548 1180 1664 1230 legem
1684 1181 1755 1231 Py-

409 1245 571 1296 thagorae
590 1243 816 1293 prohibentis
834 1256 912 1282 eam
934 1243 1081 1286 violare,
1100 1257 1183 1295 quae
1202 1244 1245 1282 ad
1265 1243 1387 1281 focum
1408 1245 1478 1281 five
1496 1245 1605 1285 larem
1624 1246 1756 1282 domus

406 1309 558 1358 supplex
584 1307 831 1361 confugerim„
858 1307 935 1350 Effe
964 1308 1061 1346 enirn
1091 1307 1219 1350 larem,
1238 1306 1435 1347 securitatis
1462 1308 1582 1346 locum
1601 1315 1636 1347 et
1655 1309 1754 1358 quafi

404 1372 576 1422 Asylum.
633 1372 647 1407 I
653 1371 768 1412 nferre
797 1383 880 1424 vero
913 1371 1087 1410 maritum
1117 1369 1288 1420 injuriam
1318 1371 1438 1415 uxori,
1462 1385 1547 1409 cum
1576 1373 1755 1416 adultera-J

403 1446 474 1485 tur,
522 1440 581 1478 Sic
601 1440 739 1479 Venere
760 1439 951 1482 utendum,
971 1445 1012 1475 ut
1032 1450 1098 1479 nec
1116 1432 1245 1486 egeant
1263 1438 1468 1488 praesentes,
1488 1452 1555 1476 nec
1570 1439 1752 1483 absentem

404 1503 456 1545 ita
475 1511 515 1540 ut
536 1503 603 1539 five
623 1503 724 1546 adsit,
743 1502 810 1541 five
830 1502 918 1539 abfit
947 1499 1094 1547 conjux,
1113 1501 1207 1543 nibil
1236 1501 1381 1551 utrique
1407 1502 1505 1544 defit.
1558 1502 1753 1552 Virginem

403 1568 468 1611 effe
486 1569 702 1609 ducendam,
718 1566 825 1616 juxta
848 1567 989 1604 Hefiodi
1010 1579 1168 1615 carmen,

510 1630 715 1683 Παξ-ὓευκῆν
736 1631 766 1669 Bi
787 1636 922 1680 γαμεῖῃ,
943 1632 995 1668 ἵνα
1013 1629 1098 1671 ἤθεα
1118 1629 1211 1668 κεδνὰ
1226 1629 1371 1682 διδάξῃς,

515 1696 560 1739 Ut
579 1707 679 1731 mores
698 1693 811 1732 doceas
826 1692 993 1744 pulchros,
1013 1691 1074 1733 ,tibi
1091 1693 1190 1742 virgo
1197 1694 1248 1747 fit
1268 1706 1362 1735 uxor.

405 1758 744 1802 Diffimilitudinem
767 1771 911 1795 morum
930 1757 1104 1793 destruere
1123 1756 1314 1793 amicitias.
1369 1757 1572 1798 Vitandum
1593 1758 1752 1798 nimium

405 1822 443 1861 in
480 1822 634 1858 vestibus
671 1828 855 1863 ornatum.
908 1821 1038 1866 Vitam
1075 1820 1177 1862 illani
1214 1820 1453 1871 comptiorem
1484 1821 1753 1871 Tragoedorum

407 1885 548 1941 scenam
568 1885 734 1934 redolere.

904 2000 969 2039 Ad
984 2001 1013 2037 C
1015 2011 1071 2052 ap.
1088 2001 1254 2052 quintum,

458 2097 592 2143 Statuit
612 2098 866 2136 OEconomum
895 2101 978 2133 ante
1004 2085 1129 2135 onmia
1147 2095 1261 2132 servos
1286 2096 1414 2145 probos
1431 2097 1555 2143 debere
1572 2097 1634 2136 fibi
1652 2110 1754 2138 com.-

405 2174 544 2211 parare.
598 2161 670 2197 Eos
701 2159 755 2196 vel
785 2159 851 2201 effe
879 2161 1085 2211 ἔπιτςόπους,
1114 2166 1372 2209 procuratores,
1399 2159 1454 2196 vel
1484 2156 1640 2210 ἒρᾴιοίτας,
1667 2173 1756 2210 ope-

405 2225 529 2262 rarios.
581 2222 766 2264 Omnibus
796 2222 985 2264 convenire
1017 2236 1108 2272 opus
1136 2222 1255 2266 suum,
1284 2223 1568 2273 castigationem,
1599 2224 1754 2262 alimen-

403 2294 498 2328 tum,
553 2287 619 2324 Sed
639 2289 724 2323 vino
744 2287 787 2323 iis
807 2286 879 2323 fere
899 2275 1200 2330 interdicendum,
1255 2287 1443 2334 Servorum
1470 2288 1669 2325 mercedem
1688 2288 1754 2330 effe

403 2354 549 2395 cibum:
597 2352 726 2393 Finem
754 2364 852 2403 vero,¹
873 2350 1104 2399 libertatem3
1133 2364 1217 2404 quae
1244 2351 1289 2392 iis
1315 2343 1442 2394 exaflo
1468 2359 1565 2391 certo
1591 2358 1754 2406 tempore

405 2416 553 2457 concedi
571 2416 689 2458 debet.
1675 2418 1677 2420 ·
1748 2406 1757 2420 “

917 2529 981 2573 Ad
995 2530 1084 2586 Cap.
1093 2531 1241 2589 sixtum,

456 2627 661 2670 OEconomi
691 2632 809 2677 partes
826 2626 877 2665 ait
895 2626 973 2670 effe,
993 2633 1036 2667 ut
1052 2640 1223 2683 quaerere,
1242 2634 1279 2667 et
1295 2630 1443 2685 qussfissss
1469 2629 1616 2685 servare,
1637 2628 1751 2681 iisque

401 2693 598 2757 prudenter
614 2692 671 2730 uti
689 2690 804 2753 potiit.
857 2690 962 2740 Nam
1162 2697 1164 2699 ’
1699 2687 1702 2691 ’
