1904 3308
251 227 632 268 POLITICORUM
659 217 1016 264 ARISTOTELIS.
1045 221 1138 261 VII.
1162 234 1224 267 12,
1249 233 1312 270 13.
1363 219 1495 259 lxxxix

117 339 382 383 chritudinern,
401 345 443 377 ut
468 339 588 378 voluit
615 337 895 390 Hippodamus,
916 340 953 373 et
983 335 1094 372 robur
1110 333 1181 370 five
1201 331 1434 378 firmitatem,
1454 337 1498 370 ut

121 412 270 451 veteres,
288 405 516 443 considerari.

594 512 658 550 Ad
675 486 1022 563 Capfduodecimum.

175 598 316 637 Statuit
346 598 470 649 primo
504 598 542 635 in
575 594 861 648 propugnaculis
894 599 931 631 et
962 593 1126 630 turribus
1154 589 1330 643 publicis,
1360 589 1498 640 quibus

124 664 226 701 urbis
262 664 402 701 moenia
436 663 726 712 distinguuntur,
758 661 886 698 debere
919 658 1093 696 convivia
1124 657 1274 708 publica
1311 654 1496 706 apparari.

123 730 304 773 Secundo,
324 728 464 779 templa
490 729 657 771 deorum,
675 733 712 764 et
739 725 928 777 praecipua
947 724 1086 774 palatia
1103 729 1215 773 atque
1236 721 1397 758 triclinia
1417 733 1498 757 ma-

124 793 343 844 gistratuum
364 806 440 829 uno
460 793 497 829 in
517 793 599 829 loco
616 805 731 842 eoque
760 792 902 835 idoneo,
922 789 1064 832 illustri,
1082 787 1335 829 eminentiore,
1356 794 1393 823 et
1413 798 1497 822 mu-

125 859 258 896 nitiore
288 859 414 895 debere
441 857 629 902 aediticari,
649 866 686 894 et
710 856 747 893 in
768 869 878 907 quem
909 868 986 892 non
1015 853 1237 891 conveniant
1264 860 1499 896 mercatores,

123 924 182 962 vel
202 923 332 961 sordidi
352 922 514 974 opifices,
534 922 715 960 vendendi
733 921 865 972 gratia.
919 921 1059 964 Tertio,
1082 918 1193 970 juxta
1221 918 1361 968 templa
1379 925 1415 955 et
1434 931 1500 955 au-

125 989 179 1026 las
201 989 483 1039 magistratuum
510 988 630 1025 extrui
657 988 788 1024 debere
813 986 940 1024 senum
967 985 1169 1036 gymnasia.
1224 984 1367 1021 Rerum
1397 983 1499 1020 enim

125 1055 308 1092 sacrarum
328 1054 480 1097 vicinia,
498 1061 535 1091 et
554 1052 746 1104 praesentia
775 1051 1056 1101 magistratuum
1085 1049 1326 1087 reverentiam
1347 1049 1500 1101 ingene-

125 1126 183 1158 rat
210 1127 246 1157 et
275 1126 417 1156 metum
447 1120 584 1169 legum.
641 1118 804 1163 Quarto,
827 1118 956 1154 debere
983 1114 1180 1166 profanum
1201 1113 1339 1158 forum,
1359 1113 1397 1150 in
1426 1127 1502 1164 quo

125 1184 263 1222 scilicet
290 1197 344 1222 res
372 1184 529 1221 vaenales
556 1189 805 1233 exponuntur,
825 1194 868 1218 eo
887 1181 925 1218 in
945 1180 1027 1217 loco
1048 1179 1234 1222 constitui,
1253 1178 1320 1229 qui
1339 1179 1384 1215 ad
1405 1192 1501 1216 mer-

127 1265 186 1289 ces
214 1265 233 1288 e
261 1251 353 1288 mari
374 1259 409 1288 et
429 1263 518 1300 agro
537 1250 789 1300 importandas
813 1248 855 1285 fit
883 1246 1127 1284 commodior.
1185 1244 1346 1287 Quinto,
1364 1244 1504 1281 Tricli-

127 1317 204 1361 nia,
223 1318 393 1354 συσσίτια
412 1316 649 1353 sacerdotum
669 1315 796 1351 debere
815 1313 1027 1364 propinqua
1052 1310 1119 1348 effe
1147 1309 1254 1348 sacris
1271 1310 1411 1348 aedibus
1431 1311 1503 1347 five

128 1381 280 1432 templis
293 1397 305 1427 ;
344 1380 649 1430 Magistratuum⁴
668 1392 767 1423 vero,
797 1377 909 1429 juxta
946 1377 1067 1415 forum
1109 1375 1324 1427 profanum.
1379 1377 1503 1421 Sexto,

129 1458 214 1496 quae
233 1445 272 1482 in
292 1445 389 1495 agris
411 1444 508 1482 fiunt
526 1444 698 1482 convivia
716 1445 762 1480 ab
780 1443 859 1493 agri
883 1441 1082 1493 praefefflS,
1102 1450 1138 1478 et
1166 1441 1361 1491 Sylvarum
1381 1441 1504 1491 magi·

127 1510 223 1556 stris,
252 1510 297 1548 de
324 1511 459 1560 quibus
488 1509 595 1560 supra
622 1509 686 1546 lib.
705 1509 756 1547 vi,
783 1521 865 1559 cap.
887 1508 924 1545 8.
953 1508 1080 1545 debere
1103 1507 1228 1544 eadem
1249 1508 1390 1544 ratione
1408 1505 1502 1550 fieri,
1517 1514 1549 1544 Si
1567 1514 1720 1547 heroibus

129 1588 205 1626 qua
225 1574 264 1612 in
282 1576 385 1613 urbe.
440 1575 490 1612 Et
508 1575 650 1625 templa
678 1574 770 1610 inibi
797 1573 870 1610 alia
898 1573 997 1616 Diis,
1022 1573 1095 1609 alia
1123 1571 1308 1609 Heroibus
1329 1571 1396 1609 effe
1415 1585 1505 1610 con·
1517 1557 1661 1633 “ffdl’gss’e
1662 1607 1677 1633 t

130 1639 313 1693 sectanda.
369 1640 460 1677 Quo
486 1654 531 1677 ex
562 1640 643 1677 loco
669 1639 810 1689 colligit
840 1638 1030 1676 Martinus
1060 1638 1244 1674 Borrhaus
1270 1637 1504 1674 Aristotelem
1518 1612 1684 1676 panaisin

131 1705 314 1756 agnoviffe
345 1705 556 1742 animorum
591 1704 925 1746 immortalitatem,
956 1703 1022 1753 qui
1053 1702 1248 1746 Heroibus,
1281 1702 1346 1739 nisi
1378 1715 1438 1739 eos
1466 1702 1505 1740 in
1518 1688 1701 1764 Ξῗῐίεξξὴίξζ

133 1771 247 1808 altero
265 1770 385 1809 seculo
402 1771 523 1808 vivere
541 1770 712 1813 crederet,
730 1770 906 1806 honorem
925 1768 1178 1818 affignandum
1198 1780 1271 1805 non
1291 1768 1474 1807 statueret.
1518 1785 1560 1807 ne
1575 1776 1589 1808 ἓ
1630 1742 1651 1774 g

570 1877 634 1915 Ad
653 1878 739 1929 Cap.
757 1876 1055 1915 decimumtertium
1062 1903 1071 1914 .

187 1964 326 2019 Statuit
344 1965 435 2001 bene
452 1963 679 2013 feliciterque
696 1976 782 2000 cum
803 1962 1017 2000 hominibus
1036 1961 1112 2013 agi,
1131 1962 1156 2001 fi
1176 1968 1212 1999 et
1231 1963 1373 2000 bonum
1394 1962 1508 2002 finem

133 2029 198 2067 fibi
226 2029 321 2067 reete
347 2030 572 2080 propositum
606 2029 800 2066 habuerint
814 2044 825 2074 3
856 2035 894 2065 et
920 2027 1083 2065 actiones
1101 2028 1171 2064 five
1190 2028 1311 2066 media
1330 2029 1376 2066 ad
1394 2028 1508 2067 finem

134 2095 244 2133 illum
275 2095 501 2134 conferentia
529 2095 764 2132 invenerint:
795 2094 974 2131 nimirum
995 2094 1034 2131 in
1058 2094 1163 2131 omni
1191 2100 1268 2132 arte
1294 2101 1332 2132 et
1358 2094 1510 2133 scientia

132 2160 200 2198 effe
229 2161 268 2200 τὸ
296 2163 402 2205 τέλος,
431 2160 491 2199 καὶ
520 2160 584 2204 τὰς
612 2163 656 2203 εἰς
683 2160 723 2198 τὸ
750 2162 840 2203 τέλος
868 2160 1023 2211 πράξεις.
1078 2159 1222 2197 Omnes
1241 2161 1510 2199 beatitudinem

134 2233 306 2277 appetere
321 2242 332 2272 3
362 2226 420 2264 sed
438 2238 515 2262 non
542 2236 670 2262 omnes
688 2223 824 2274 assequi
841 2239 851 2261 :
882 2225 948 2274 qui
969 2224 1096 2262 animo
1115 2224 1248 2262 melius
1267 2223 1390 2261 affecti
1409 2224 1510 2271 sunt,

136 2291 371 2342 paucioribus
403 2304 506 2341 egere
538 2298 582 2327 ut
613 2291 684 2328 fint
714 2289 839 2335 beati;
871 2290 937 2340 qui
973 2290 1144 2334 deterius,
1174 2289 1358 2340 pluribus.
1414 2290 1511 2328 Earn

136 2356 300 2393 civitatis
327 2355 682 2393 administrationem
709 2354 776 2392 effe
803 2355 1002 2405 optimam,
1021 2368 1041 2392 e
1060 2368 1135 2404 qua
1158 2355 1350 2392 beatitudo
1367 2354 1514 2401 existat..

137 2422 250 2459 Hanc
278 2421 344 2458 effe
372 2420 479 2458 usum
508 2420 767 2469 aetionemque
795 2420 945 2457 virtutis
972 2419 1287 2470 perfe&am‚'non
1319 2433 1364 2456 ex
1394 2420 1512 2471 hypo-

137 2487 238 2531 theti,
258 2486 316 2523 sed
340 2486 564 2536 fimpliciter.
622 2485 819 2523 Aetionem
850 2498 935 2522 vero
961 2485 1110 2522 virtutis
1138 2499 1183 2522 ex
1212 2486 1401 2535 hypothesi
1430 2499 1511 2536 per·
1524 2488 1618 2520 Αεὶῐο
1632 2499 1674 2520 ex

136 2551 288 2597 festam,
315 2551 382 2591 effe
407 2565 488 2589 earn
519 2565 604 2602 quae
633 2550 825 2588 necessario
843 2550 898 2594 fit,
919 2557 956 2588 et
975 2551 1074 2601 quasi
1094 2551 1228 2593 confite,
1246 2550 1305 2587 sed
1324 2549 1368 2587 fit
1387 2558 1512 2589 tamen
1524 2532 1693 2616 ἒέᾓὲἑξὲἧ

137 2623 288 2668 propter
318 2618 459 2654 bonum
492 2616 704 2661 Politicum‚
738 2615 903 2666 illudque
934 2616 1139 2660 honestum,
1167 2622 1209 2652 ut
1242 2615 1292 2651 est
1323 2616 1625 2666 castigatioquae?

136 2682 391 2721 sceleratorum
411 2695 454 2719 ex
474 2681 649 2733 Justitia;
679 2681 878 2732 optabilius
897 2682 997 2718 enim
1018 2680 1101 2718 effet
1119 2694 1162 2718 ea
1181 2693 1256 2717 non
1276 2681 1333 2717 uti
1349 2696 1360 2723 ;
1390 2682 1414 2719 fi
1434 2681 1512 2720 fieri

138 2747 283 2786 honeste
301 2747 427 2798 pofl'et.
482 2743 708 2796 Simpliciter
726 2758 824 2790 vero,
843 2759 928 2796 quae
947 2745 1108 2783 absolute
1132 2745 1280 2782 honesta
1303 2745 1353 2783 est
1380 2759 1422 2784 ae
1449 2761 1514 2799 per
1525 2747 1721 2787 Simpliciter

137 2812 187 2859 se,
217 2813 287 2850 sive
313 2818 357 2850 ut
379 2811 465 2849 talis
492 2811 555 2857 est,
576 2811 630 2848 ita
656 2817 700 2848 ut
726 2824 899 2849 numeros
920 2824 1048 2848 omnes
1066 2811 1243 2848 bonitatis
1264 2811 1409 2857 habeat,
1427 2813 1511 2851 fiat·
1525 2801 1544 2831 p
1547 2791 1673 2831 meaa,

1613 2835 1624 2855 ²

139 2892 211 2931 que
238 2879 287 2917 ob
313 2878 550 2929 dignitatem,
581 2882 624 2914 ut
650 2890 703 2915 eae
732 2890 818 2928 quae
851 2877 890 2914 in
919 2877 1117 2914 honoribus
1135 2883 1172 2914 et
1190 2877 1369 2916 bonorum
1395 2879 1513 2931 copiis
1523 2844 1620 2875 quae·
