1904 3308
258 352 297 383 ln
308 352 372 382 vita

258 394 420 426 Eumenis.

262 2267 349 2301 sacri
365 2276 433 2298 ma·

262 2313 415 2352 gistratus.

264 2455 432 2487 Honestio-

264 2508 312 2529 res
326 2504 356 2527 et
371 2499 429 2528 rari

267 2541 427 2580 magistra-

267 2590 329 2614 tul.

466 179 597 217 lxxviii
835 181 1076 220 SYNOPSIS
1102 181 1382 219 ANALYTIC
1386 182 1419 218 A
1444 217 1446 219 ,

465 286 581 331 laires,
601 286 707 337 longe
734 286 864 338 majori
890 289 928 327 in
956 290 1088 325 honore
1117 288 1206 325 olim
1235 288 1376 326 habitos
1394 289 1491 339 apud
1514 287 1671 329 Graecos,
1688 285 1803 334 quam'

461 350 562 398 apud
590 350 790 394 Romanos.
808 358 851 388 ut
876 352 1024 388 testatur
1038 351 1229 388 Cornelius
1255 351 1406 401 Nepos:
1435 358 1472 389 et
1498 351 1691 388 scribarum
1719 347 1803 397 qul·-v

462 413 546 450 dem
565 413 683 451 officia
700 413 875 458 fuilst,‹ut
901 415 998 464 apud
1024 427 1083 451 eos
1110 415 1346 452 instrumenta
1371 414 1636 457 commetuum,
1654 412 1803 462 nuptia·

465 475 709 519 rumscilicet,
736 476 1032 522 transactionum,
1048 478 1288 514 donationum
1314 476 1593 522 conficerentur3
1623 477 1708 513 item
1739 475 1804 512 Se-‘

463 538 742 583 natusconsulta‚
773 546 808 576 et
839 539 1022 577 sententiae
1052 539 1234 589 judicum,
1270 540 1365 584 aeta,
1399 540 1610 589 tabellaeque
1646 538 1803 588 publicae

464 601 776 652 perscriberentur,
808 609 846 640 et
875 603 1141 640 affervarentur.
1196 605 1359 648 Sextum,
1395 603 1446 640 ait
1483 603 1548 640 effe
1582 614 1705 639 eorum
1737 600 1802 649 qui

465 678 593 716 poenas
612 679 633 702 a
649 666 832 703 damnatis
850 667 1013 716 exigunt,
1034 667 1166 703 multas
1189 666 1401 716 efflagitant,
1420 667 1457 702 in
1476 678 1650 703 carcerem
1669 670 1704 700 et
1721 663 1803 699 vin-

465 729 549 765 cula
574 728 652 778 conj
660 729 797 775 iciunt3
826 743 935 779 quem
954 731 1201 780 magistratum
1225 731 1394 779 (Gallice,
1414 731 1610 768 Lieutenant
1632 727 1801 769 Criminel‚

466 792 606 840 Prevcst
629 791 683 828 des
704 792 945 845 Marqschaux)
978 800 1017 830 ut
1044 794 1202 830 maxime
1231 794 1460 832 necessarium
1491 795 1535 831 fic
1566 802 1601 830 et
1631 791 1803 829 difficilli-

467 868 570 891 mum
589 862 625 891 et
642 855 891 892 odiofissimum
919 856 984 893 effe
1009 857 1183 901 observat,
1202 858 1352 907 ideoque
1375 859 1499 895 debere
1516 858 1552 894 in
1573 857 1691 906 plures
1709 855 1804 891 viros

467 927 648 967 quantum
681 917 758 955 fieri
787 919 902 968 poffit,
933 928 968 956 et
999 920 1146 958 viciffim
1173 921 1300 964 dividi,
1329 921 1524 971 praesertim
1552 921 1588 957 in
1617 918 1801 968 juniores:

468 983 606 1032 alioqui
625 983 648 1019 fi
668 983 731 1032 qui
749 984 1037 1027 condemnarint,
1057 985 1165 1022 iidem
1192 991 1433 1034 exequantur,
1454 984 1702 1031 muletamque
1728 980 1807 1018 exi-

467 1052 569 1095 gant,
606 1045 797 1095 ἀπέχθειαν
834 1047 903 1096 ἔχει
941 1045 1071 1090 διπλῆι,
1106 1047 1229 1098 duplici
1262 1047 1394 1084 invidia
1428 1046 1639 1084 laborabunt.
1696 1045 1804 1081 Unde

468 1111 692 1160 Chrysippus
729 1116 875 1159 rogatus
911 1123 976 1147 cur
1010 1124 1081 1148 non
1118 1115 1252 1160 gereret
1296 1111 1559 1161 magistratum,
1593 1109 1802 1159 respondit3

474 1174 565 1224 Quia
580 1175 619 1223 st
647 1173 734 1211 male
762 1173 1074 1223 adminfflravmim,
1094 1175 1174 1212 Diis
1201 1174 1368 1226 dstlicebo
1384 1190 1396 1212 :
1412 1177 1471 1224 fin
1499 1173 1587 1218 bene,
1613 1171 1805 1210 hominibus.

468 1238 586 1275 Addit
604 1238 814 1285 Aristqteles
842 1238 899 1275 sex
926 1239 997 1276 illis
1025 1239 1219 1276 neceffariis
1240 1239 1506 1288 magistratibus
1526 1237 1697 1274 haetenus
1716 1249 1804 1272 enu-

469 1300 631 1344 meratis,
665 1301 753 1337 alios
781 1313 854 1337 non
883 1301 1030 1350 quidem
1061 1301 1182 1338 minus
1211 1301 1427 1343 necessarios,
1452 1300 1508 1336 sed
1538 1299 1742 1336 illustriores
1769 1303 1805 1334 et

469 1364 727 1407 honoratiores,
755 1371 794 1401 et
825 1364 890 1414 qui
923 1364 1077 1401 m'ultam
1110 1365 1366 1415 experientiam
1396 1363 1576 1412 fidemque
1608 1355 1806 1411 requirant.

472 1430 644 1467 Quorum
678 1428 852 1478 quosdam
885 1428 1014 1465 versari
1044 1430 1096 1465 ait
1128 1429 1164 1465 in
1197 1429 1430 1466 custodiendis
1463 1436 1538 1464 tam
1571 1427 1669 1477 pacis
1697 1438 1807 1475 quam

469 1493 554 1530 belli
570 1499 732 1542 tempore
759 1492 872 1542 portis
891 1499 928 1529 et
947 1493 1128 1530 moenibus
1148 1492 1306 1529 civitatis
1322 1507 1332 1535 ς
1362 1492 1449 1529 alios
1467 1491 1624 1528 ordinari
1643 1491 1688 1527 ad
1706 1489 1809 1527 belli-

468 1568 529 1594 cos
563 1555 672 1593 usus:
720 1556 805 1592 hinc
842 1555 1069 1605 magistratus
1113 1555 1185 1592 dici
1223 1555 1425 1606 στρατηγοὺς
1460 1554 1519 1592 καὶ
1556 1553 1807 1604 πολεμοέςχους.

469 1619 576 1658 Alios
603 1618 759 1656 censores
790 1619 868 1662 effe,
899 1619 1123 1663 concolores,
1154 1619 1412 1655 examinatores
1444 1616 1601 1660 εὐθύνους,
1631 1615 1807 1662 λογιστὰς,

470 1682 668 1728 ἐξεταστὰς,
688 1682 869 1719 rationum
895 1682 1094 1731 magistros,
1113 1682 1264 1726 Gallice,
1283 1681 1440 1729 Massres
1458 1679 1513 1716 des
1535 1679 1696 1729 Campus,
1719 1678 1814 1716 Conae

469 1745 683 1789 treroolleurs,
712 1746 810 1794 apud
841 1759 930 1794 quos
959 1745 1024 1795 qui
1053 1745 1264 1794 magistratu
1291 1743 1453 1780 abiiffent
1478 1743 1550 1780 suae
1581 1741 1807 1786 administra·

470 1809 582 1846 tionis
610 1809 783 1845 rationem
814 1809 954 1845 reddere
981 1810 1206 1845 tenebantur.
1262 1808 1327 1844 Sed
1355 1813 1484 1857 praeter
1509 1807 1574 1842 hos
1600 1804 1664 1842 effe
1690 1817 1807 1841 unum

471 1874 631 1923 aliquem
652 1873 804 1910 summae
831 1873 1070 1918 auctoritatis,
1090 1873 1154 1922 qui
1182 1874 1308 1923 ἓφορῖαι
1326 1872 1497 1914 obtineat,
1515 1869 1669 1918 veEtigal
1687 1874 1722 1905 et
1741 1867 1810 1905 tri-

469 1937 601 1974 butum
621 1937 757 1986 exigat,
777 1938 893 1987 praefit
909 1938 1056 1987 populo,
1076 1950 1160 1974 cum
1189 1936 1263 1986 ipse
1289 1936 1444 1986 populus
1467 1933 1693 1983 Reipublicae
1711 1931 1809 1968 sum-

472 2013 573 2037 mam
606 2005 728 2046 tenet;
755 2006 792 2046 et
818 2001 995 2050 populum
1024 2001 1069 2037 ad
1095 1999 1244 2037 comitia
1266 2004 1446 2036 convocet.
1500 1997 1548 2035 Et
1575 2009 1633 2033 eos
1661 1995 1809 2045 quidem

473 2064 539 2113 qui
570 2065 668 2100 hunc
699 2064 949 2114 magistratum
980 2069 1123 2113 gerunt,
1151 2063 1222 2100 dici
1253 2063 1461 2114 πςοβούλους,
1486 2059 1697 2111 provisores,
1723 2068 1811 2095 con-

471 2127 564 2165 sules
581 2142 589 2164 :
618 2127 681 2164 ubi
700 2136 820 2164 autem
850 2128 972 2177 praeest
990 2128 1159 2177 populus,
1177 2127 1247 2165 dici
1267 2127 1433 2164 eumdem
1461 2124 1712 2174 magistratum
1731 2123 1811 2165 Βόν-

470 2190 545 2234 λέη,
562 2191 750 2228 confilium
779 2192 979 2241 publicum,
997 2191 1152 2235 curiam,
1172 2191 1359 2227 Senatum.
1413 2190 1538 2237 Atque
1564 2189 1640 2224 haec
1657 2187 1700 2223 de
1719 2186 1811 2222 civi-⁴

471 2255 580 2292 libus.
633 2254 752 2291 Docet
770 2255 886 2305 postea
904 2255 992 2291 alios
1010 2254 1074 2291 effe
1095 2253 1333 2302 magistratus,
1351 2252 1466 2290 sacros
1484 2251 1614 2288 scilicet
1633 2257 1669 2287 et
1686 2249 1817 2286 divino

473 2318 590 2357 cultui
607 2318 813 2362 destinatos,
831 2325 874 2355 ut
891 2318 1095 2361 sacerdotes,
1115 2317 1279 2361 aedituos,
1298 2329 1395 2366 reges
1416 2317 1595 2352 sacrorum
1613 2313 1671 2350 seu
1689 2313 1812 2363 ponti·-

474 2379 570 2419 fices.
625 2382 718 2418 Item
749 2382 837 2418 alios
867 2382 1029 2425 rariores,
1061 2387 1097 2418 et
1126 2381 1348 2431 optimarum
1382 2381 1525 2428 altaque
1553 2392 1642 2428 pace
1668 2391 1710 2414 ac
1736 2377 1813 2413 otio

474 2443 674 2482 fruentium
699 2445 891 2482 civitatum
918 2445 1096 2495 proprios,
1117 2457 1246 2493 nempe
1273 2444 1535 2491 γυναικονομῖαν,
1556 2441 1811 2490 νομοφυλακῖαν,

475 2507 699 2557 παρδονομίαν,
717 2511 1007 2561 γυμνασιαςχίαν,
1027 2508 1160 2545 rectam
1181 2507 1372 2544 mulierum
1393 2505 1668 2547 institutionem,
1688 2503 1810 2551 legum

472 2572 689 2621 custodiam,
725 2585 916 2622 puerorum
955 2572 1196 2621 disciplinam,
1237 2571 1504 2621 gymnasiorum
1547 2567 1816 2619 praefecturam,

476 2648 602 2672 curam
638 2636 883 2681 Theatralern,
918 2636 986 2672 five
1020 2635 1315 2685 spectaculorum,
1350 2640 1386 2670 et
1418 2633 1563 2670 fimiles.
1615 2631 1814 2668 Enimvero

478 2701 543 2738 hos
563 2701 790 2750 magistratus
809 2701 956 2741 rariores
983 2712 1167 2744 vocatum,
1187 2699 1272 2748 quia
1291 2697 1462 2735 non.sunt
1481 2697 1525 2733 ad
1543 2695 1728 2732 civitatem
1748 2694 1814 2730 ab-

474 2763 590 2804 solute
620 2764 812 2810 neoeffarii,
841 2764 925 2802 licet
954 2763 1022 2802 sint
1048 2762 1275 2801 honestiffimi
1301 2767 1338 2799 et
1365 2759 1471 2799 reEtae
1499 2758 1631 2797 rationi
1655 2756 1813 2796 maxime
