1846 3250
345 205 726 258 POmeoRUM
753 175 1117 244 ARtsroTELIS.
1147 200 1179 238 1.
1214 211 1274 248 13.
1437 194 1517 233 xvii

132 325 265 376 Jovem
281 322 429 361 vocavit
447 314 591 373 patrem
608 316 804 357 hominum
820 321 858 354 et
871 314 1055 358 Deorum,
1071 310 1192 364 ἀνδρῶν
1207 326 1243 348 τε
1258 307 1339 347 θεῶν
1358 324 1411 354 τι,
1427 306 1520 358 quia

131 393 177 430 fit
196 389 398 441 antiquior,
418 394 454 426 et
473 400 517 425 ex
531 383 699 424 amicitia
713 384 882 433 imperet.
917 378 1040 430 Atqui
1056 383 1160 429 pater
1180 376 1337 426 imperat
1359 373 1461 418 filiis,
1482 379 1520 410 et

133 456 179 496 ei
200 455 380 502 amicitia,
396 462 433 493 et
452 469 496 493 ex
516 451 742 504 antiquitate
766 448 827 487 seu
854 453 963 487 aetate
985 443 1204 484 maturiori.
1248 441 1318 479 Sed
1337 446 1374 478 et
1394 451 1519 489 regem

134 528 281 574 oportet
299 528 443 559 naturae
457 517 681 571 perfeetione
696 514 916 568 praecellere,
934 512 1001 550 effe
1019 524 1104 549 vero
1118 521 1263 560 genere,
1279 507 1316 544 id
1336 505 1386 543 est
1406 503 1521 554 speci-

137 586 210 625 fica
228 593 376 630 natura,
397 583 576 622 eundem:
605 582 700 619 Puta
721 579 759 617 in
779 578 912 629 apibus
931 582 1075 627 oportet
1092 587 1214 625 regem
1231 571 1298 609 effe
1317 583 1441 621 apem,
1463 568 1524 605 sed

140 664 249 702 apem
281 649 529 702 grandiorem,
562 645 823 697 pulchriorem,
856 641 1125 694 perfectiorem.
1183 640 1238 676 At
1273 637 1319 674 fic
1349 635 1384 672 se
1413 634 1525 672 habet

141 722 250 768 pater
267 716 314 754 ad
332 715 464 752 liberos
480 726 490 750 t
521 719 627 763 pater
643 723 730 761 ergo
746 706 910 760 respe&u
929 707 1130 744 liberorum
1149 703 1199 741 est
1219 701 1320 754 quasi
1338 713 1414 738 rex.

585 817 649 857 Ad
667 817 754 869 Cap.
773 814 1084 854 decimumtertium.

198 907 340 947 Statuit
367 907 492 958 primo
519 907 778 944 OEconomum
809 903 879 940 five
912 899 1221 953 patremfamilias
1251 897 1430 948 majorem
1459 899 1527 934 ha-
1539 902 1745 954 Cura‘OEeo-

1539 957 1630 979 norm
1645 955 1745 984 vana,

148 1051 236 1089 quae
255 1039 294 1076 in
313 1038 459 1075 familia
477 1037 575 1074 sunt.
623 1036 719 1072 Item
740 1035 953 1075 liberorum,
975 1045 1089 1082 quam
1115 1030 1315 1067 servorum.
1362 1028 1530 1067 Secundo
1541 999 1737 1076 Ξῑῐῖἑῗῐῐέπξὲ-

147 1102 316 1154 disputat
333 1103 377 1140 de
397 1102 535 1139 virtute
564 1099 782 1150 imperantis
811 1106 847 1135 et
876 1097 1054 1149 parentis,
1076 1096 1113 1133 id
1138 1095 1186 1132 est
1207 1094 1352 1132 domini
1371 1100 1408 1131 et
1425 1089 1619 1154 servLssoem.
1633 1078 1733 1109 vaste·

151 1168 224 1205 viri
250 1175 285 1205 et
313 1167 454 1212 uxoris,
474 1167 592 1216 patris
611 1172 646 1202 et
666 1164 843 1201 filiorum.
901 1162 1114 1211 Statuitque
1132 1161 1170 1197 in
1191 1160 1247 1196 his
1273 1160 1448 1196 omnibus
1466 1156 1533 1195 effe

152 1233 309 1270 virtutes
337 1232 396 1270 sed
424 1232 535 1269 modo
562 1230 736 1272 diffimili,
755 1236 791 1266 et
819 1238 1004 1278 quantum
1034 1226 1168 1275 cuique
1188 1226 1232 1262 ad
1254 1225 1360 1262 suum
1385 1236 1479 1275 opus
1498 1230 1536 1261 et

153 1297 317 1336 officium
351 1298 393 1334 fit
424 1296 535 1334 satis:
566 1296 722 1345 ideoque
754 1294 792 1331 in
825 1293 1028 1343 imperante
1057 1290 1124 1328 effe
1149 1290 1328 1327 moralem
1356 1288 1535 1325 virtutem

153 1362 382 1415 perfeetam;
413 1362 451 1399 in
480 1346 758 1411 obtemperante
779 1372 861 1396 vero
881 1366 1025 1396 tantam
1046 1357 1115 1395 effe
1131 1363 1169 1394 et
1186 1356 1316 1400 talem,
1337 1361 1480 1405 quanta
1500 1359 1537 1390 et

155 1427 260 1479 quali
278 1440 373 1479 opus
391 1426 453 1464 est.
500 1427 654 1463 Servum
677 1424 824 1461 interim
846 1423 949 1460 nulla
967 1421 1200 1461 consultandi
1219 1420 1412 1464 facultate,
1433 1417 1539 1455 nulla

155 1493 354 1544 prudentia
378 1492 445 1529 effe
474 1491 690 1542 praeditum,
712 1490 777 1540 qui
807 1489 942 1526 scilicet
970 1494 1114 1526 naturae
1139 1486 1351 1524 conditione
1379 1485 1469 1522 adeo
1496 1483 1540 1520 fit

158 1559 286 1596 tardus
304 1565 340 1595 et
362 1559 483 1602 hebes,
503 1564 545 1594 ut
570 1556 633 1593 fibi
665 1554 738 1606 ipse
764 1554 850 1592 satis
879 1553 974 1591 reete
1001 1566 1075 1591 non
1101 1552 1205 1603 poffit
1225 1551 1425 1589 consulere.
1480 1549 1540 1587 De

159 1622 227 1662 tali
255 1623 356 1661 enim
386 1624 486 1660 servo
515 1623 577 1659 hic
605 1622 683 1671 agit
714 1620 937 1661 Aristoteles,
959 1619 1024 1669 qui
1053 1618 1203 1656 alterius
1227 1616 1376 1654 confilio
1395 1622 1432 1653 et
1451 1627 1540 1666 pru-

160 1689 288 1726 dentia
320 1687 473 1738 regitur.
530 1687 696 1724 Uxorem
728 1698 813 1722 vero
844 1686 973 1722 habere
1004 1684 1154 1733 quidem
1187 1683 1279 1720 illud
1308 1680 1541 1727 βουλευτικὸν,

161 1753 392 1791 consultandi
420 1751 664 1802 principium,
685 1749 766 1787 ἀλλ’
785 1750 927 1801 amem:
960 1749 1017 1785 sed
1047 1748 1242 1786 imbecille.
1299 1730 1543 1784 ltfibecmita-

162 1825 238 1854 tem
269 1817 372 1854 sexus
400 1816 587 1866 appellant
611 1814 815 1864 jurisperiti
842 1801 910 1852 lib.
930 1814 970 1852 ii.
991 1813 1029 1851 ff.
1052 1814 1108 1850 ad
1141 1811 1328 1851 Senatusc.
1357 1812 1542 1849 Velleian.

163 1882 322 1933 Ulpian.
348 1882 385 1918 in
414 1882 474 1918 tit.
501 1881 546 1917 de
574 1881 757 1917 tutoribus
788 1880 828 1923 in,
855 1878 950 1929 frag.
975 1879 1011 1916 in
1044 1879 1163 1928 princ.
1201 1879 1362 1916 Puerum
1383 1877 1546 1926 denique

163 1948 290 1985 eadem
310 1946 347 1983 vi
364 1945 593 1983 consultandi
621 1943 687 1982 effe
715 1945 931 1995 praeditum,
953 1944 1010 1981 sed
1041 1943 1282 1994 imperfeeta:
1314 1957 1400 1993 quae
1419 1949 1546 1980 tamen
1579 1974 1582 1978 .

163 2012 286 2051 aetatis
305 2010 489 2062 progressu
518 2009 696 2047 adolescat
723 2017 760 2047 et
789 2010 939 2046 tandem
969 2008 1193 2060 perficiatur.
1251 2009 1310 2046 Ex
1338 2009 1474 2059 quibus
1495 2008 1546 2045 se-

165 2076 295 2127 quitur
313 2089 388 2113 non
406 2075 473 2112 esse
491 2076 644 2113 eandem
671 2074 741 2111 viri
769 2088 811 2112 ac
839 2073 1008 2112 foeminae
1033 2074 1318 2124 temperantiam
1349 2079 1414 2111 aut
1437 2071 1546 2123 justi·-

165 2143 276 2187 tiam,
296 2140 356 2178 sed
374 2139 444 2178 viri
463 2140 614 2190 quidem
641 2138 824 2189 justitiam
854 2140 899 2176 ad
928 2132 1206 2189 imperandum,
1227 2139 1396 2176 foeminae
1416 2139 1462 2175 ad
1481 2151 1547 2189 pa-

163 2206 319 2245 rendum
338 2204 406 2243 effe
423 2204 767 2250 accommodatam;
798 2217 948 2254 unoque
966 2205 1078 2241 verbo
1103 2204 1214 2241 aliam
1245 2204 1324 2241 viro
1351 2204 1544 2248 virtutem,
1560 2205 1633 2237 Alia
1646 2206 1719 2244 viri,

163 2271 277 2309 aliam
310 2269 472 2314 mulieri,
501 2276 544 2306 ut
572 2268 879 2314 taciturnitatem,
907 2283 993 2319 quae
1022 2260 1143 2306 virum
1175 2282 1247 2306 non
1273 2270 1391 2313 decet,
1412 2281 1544 2306 conve·
1557 2249 1754 2324 ἪΞΠΡΧΞΓΞΞ

164 2337 258 2374 nire.
313 2335 434 2373 Addit
456 2334 664 2372 Aristoteles
692 2347 768 2371 non
798 2333 866 2371 effe
891 2335 1044 2382 eandem
1070 2333 1160 2371 servi
1190 2341 1226 2372 et
1254 2333 1407 2372 artificis
1427 2304 1672 2371 virtu-iv’inuss.
1718 2331 1726 2337 ‘

166 2409 268 2449 tem;
298 2402 387 2453 quia
406 2400 526 2439 servus
553 2402 600 2438 ad
627 2401 812 2451 agendum
843 2400 892 2452 est
921 2390 1056 2438 natura¹
1082 2401 1299 2444 destinatus,
1319 2409 1355 2437 et
1377 2400 1464 2438 vitae
1482 2401 1549 2438 do-

166 2469 315 2507 mestica
335 2468 562 2515 ministeria3
591 2468 637 2505 ad
663 2481 748 2518 quae
776 2467 894 2506 virtus
921 2468 1049 2518 aliqua
1076 2468 1269 2505 neceffaria
1287 2467 1362 2505 est:
1394 2469 1447 2505 At
1468 2468 1552 2518 opi-

166 2534 229 2572 fex
247 2540 325 2572 arte
345 2533 428 2570 talis
448 2532 512 2578 est,
533 2542 615 2570 non'
629 2540 775 2577 natura,
793 2533 916 2582 estque
945 2534 991 2570 ad
1020 2532 1254 2571 efficiendum
1284 2542 1521 2583 comparatus
1539 2549 1549 2572 :

168 2600 216 2637 ad
237 2599 337 2649 quod
356 2597 523 2636 officium
549 2612 624 2635 non
649 2598 698 2636 est
724 2598 841 2635 virtus
863 2598 1013 2637 moralis
1037 2599 1127 2635 adeo
1155 2597 1360 2636 neceffaria.
1416 2597 1551 2636 Quan-

169 2677 285 2715 quam
304 2672 342 2702 et
359 2663 486 2716 opifex
511 2663 638 2714 aliqua
666 2663 803 2701 virtute
829 2665 1008 2714 praeditus
1035 2663 1102 2701 effe
1130 2664 1251 2708 debet,
1269 2664 1292 2700 fi
1314 2676 1388 2700 non
1405 2669 1452 2701 ut
1466 2664 1552 2714 opi-

167 2729 247 2774 fex,
267 2728 396 2766 saltem
417 2735 460 2766 ut
480 2728 616 2772 servus,
643 2735 681 2766 et
707 2734 891 2778 quatenus
923 2729 1099 2766 humanae
1128 2729 1216 2766 vitae
1245 2727 1402 2766 deseruit
1426 2727 1554 2767 secun-

169 2794 262 2830 dum
282 2793 356 2831 suae
374 2790 463 2831 artis
481 2807 599 2845 opus5
628 2792 831 2844 praesertim
850 2806 936 2831 curn
954 2784 1125 2836 ’πολλάκις
1146 2791 1188 2830 δι’
1206 2795 1401 2831 ἀκολασίαι
1419 2796 1450 2831 οἶ
1466 2809 1554 2845 τεχ-

170 2859 268 2897 siva·
297 2860 489 2900 ἐλλείπουσι
515 2864 581 2899 τῢυ
608 2859 722 2912 ἴςγωι,
742 2858 884 2910 Saepius
905 2860 954 2896 ob
981 2846 1318 2910 intemperantiam·
1337 2845 1554 2910 relinquunt

856 2924 883 2961 b

147 974 232 1011 bere
261 986 388 1011 curam
422 972 620 1010 hominum
657 977 694 1008 et
722 969 873 1007 virtutis
906 980 1020 1018 quam
1059 979 1181 1004 rerum
1221 964 1529 1007 inanimatamm,
