1846 3250
789 143 1259 196 PRAEFATIO.

345 259 721 312 bibliothecarum
749 280 836 328 ope
868 282 950 312 nos
983 267 1189 329 adjuvare
1212 269 1406 330 poffunt.
1474 270 1596 319 Inter
1616 284 1691 318 eos

343 337 595 399 plurimum
634 340 882 401 adjumenti
917 341 1071 388 afferre
1108 343 1320 406 potuisset
1356 345 1432 392 M.
1464 347 1690 394 Antonius

342 411 585 467 Muretus;
620 426 673 461 ut
708 426 810 462 tum
845 416 1150 464 adnotationes
1185 417 1279 479 ejus
1317 419 1552 480 declarant,
1586 433 1688 468 tum

341 485 576 534 familiares
611 489 898 538 confirmant.
967 492 1055 538 Sed
1090 509 1197 539 cum
1222 509 1275 539 eo
1298 493 1394 539 viro
1420 509 1688 556 praemature

338 563 496 608 orbata
530 563 586 609 fit
619 563 881 627 respublica,
904 582 963 612 ex
986 567 1112 614 Italia
1143 568 1273 615 nobis
1305 568 1575 617 asciscendus
1607 572 1689 619 erit

342 636 532 685 Fulvius
554 638 762 695 UrfinuS‚
786 640 856 686 vir
876 642 931 687 de
954 641 1106 688 litteris
1122 643 1298 703 jamdiu
1322 645 1533 707 praeclare
1553 646 1688 692 meri-

340 723 433 760 tus:
457 714 570 761 inter
588 715 743 762 Gallos
762 732 866 763 vero
881 728 981 764 tum
997 717 1067 764 alii
1093 719 1339 766 luculentas
1357 719 1553 766 conferre
1566 720 1687 783 sym-

339 787 463 835 bolas
497 801 725 853 poterunt,
748 802 849 838 tum
871 793 1173 855 praecellentes
1207 810 1364 856 genere
1394 811 1444 841 ac
1477 795 1688 842 doetrina

339 861 439 920 viri,
464 864 726 912 Ludovicus
750 866 1018 924 Castanaeu5‚
1042 879 1088 914 et
1111 868 1265 915 Petrus
1294 868 1531 916 Pithoeus:
1567 886 1686 932 quo-

338 953 441 984 rum
459 938 532 985 hic
549 956 573 985 e
590 941 768 986 vetusto
785 941 954 998 codice,
970 942 1044 988 ille
1063 958 1119 988 ex
1135 943 1311 990 Mureti
1333 943 1543 991 thesauris
1565 946 1684 1001 mul-

336 1023 401 1059 tas
423 1026 467 1059 et
489 1013 678 1077 infignes
698 1014 832 1076 hujus
851 1017 964 1062 tomi
982 1019 1311 1066 emendationes
1329 1019 1488 1066 habere
1505 1020 1684 1069 dicitur.

335 1089 474 1135 Unde
506 1101 659 1137 autem
681 1107 732 1137 ea
753 1107 859 1153 quae
892 1092 1072 1153 utrique
1099 1094 1223 1156 operi
1255 1095 1399 1140 deefl'e
1436 1094 1684 1152 censentur,

335 1164 409 1211 vel
431 1165 537 1227 peti,
562 1166 632 1212 vel
654 1164 813 1228 sperari
832 1166 1015 1228 poffint,
1034 1167 1226 1229 quaestio
1245 1168 1309 1214 est
1333 1169 1581 1216 admodum
1604 1186 1683 1216 an-

336 1255 460 1303 ceps:
480 1257 585 1287 nam
600 1252 650 1287 ut
665 1240 965 1288 Politicorum
979 1258 1152 1289 nonum
1167 1255 1211 1288 et
1224 1243 1454 1289 decimum
1471 1244 1682 1306 Cyriacus

336 1316 494 1362 Stroza
518 1332 609 1362 non
632 1332 656 1362 e
679 1316 846 1363 Graeco
868 1317 1058 1374 vertisse,
1083 1317 1158 1363 sed
1181 1318 1236 1364 de
1258 1316 1338 1364 suo
1366 1318 1580 1364 addidiffe
1604 1320 1684 1380 ju·

334 1391 524 1447 dicatur,
542 1391 609 1437 -ita
629 1391 765 1438 etiam
799 1391 1045 1439 secundum
1067 1392 1481 1440 OEconomicorum
1514 1394 1682 1458 suppo-

334 1465 465 1513 suifl'e
506 1478 691 1530 putatur
728 1468 1005 1514 Leonardusv
1027 1469 1266 1516 Aretinus:
1309 1480 1361 1516 ut
1397 1470 1453 1515 de
1490 1480 1681 1533 utroque

332 1541 519 1588 defeaestu
542 1541 791 1605 supplendo
814 1542 909 1606 spes
935 1543 987 1589 fit
1008 1542 1099 1589 fere
1121 1544 1269 1591 nulla:
1304 1543 1547 1607 praesertim
1571 1561 1681 1593 cum

332 1615 470 1663 etiam
493 1618 650 1664 veteris
682 1617 930 1680 interpretis
964 1630 1094 1665 aetate
1127 1619 1263 1666 libros
1296 1620 1393 1666 illos
1419 1620 1680 1668 desideratos

332 1692 463 1738 fuiffe
487 1694 670 1739 constet.
728 1693 777 1739 N
783 1693 830 1739 ifi
851 1693 963 1739 forte
985 1693 1143 1755 aliquis
1165 1694 1275 1740 nihil
1300 1694 1497 1741 Politicis
1519 1696 1678 1752 deesse,

330 1768 406 1815 sed
429 1779 606 1815 tantum
629 1769 843 1831 quaedam
864 1769 910 1815 in
935 1769 1018 1815 illis
1042 1769 1309 1832 praepostere
1343 1769 1560 1816 collocata
1592 1770 1680 1816 effe

332 1844 486 1890 malit:
523 1843 643 1890 ficut
681 1843 836 1890 Italica
870 1843 1167 1890 Politicorum
1200 1843 1342 1890 verfio
1375 1844 1509 1890 aliam
1540 1844 1678 1890 libro-

331 1936 433 1966 rum
456 1918 792 1966 distincffionem
816 1917 976 1964 habere
999 1918 1138 1966 fertur
1158 1938 1170 1965 ε
1206 1919 1376 1982 quippe
1407 1934 1514 1981 quae
1536 1919 1679 1982 vulgo

330 1995 499 2042 sinistre
522 1994 687 2058 pofitos
709 1994 754 2040 in
777 1994 983 2040 nativum
1006 1994 1209 2041 ordinem
1233 1994 1465 2057 redegerit.

394 2071 517 2118 Haec
540 2085 641 2117 mea
657 2069 723 2116 est
739 2070 794 2115 de
813 2068 1101 2132 pulcherrimi
1122 2069 1255 2131 hujus
1273 2069 1386 2120 torni
1403 2067 1679 2134 expolitione

330 2144 562 2209 cogitatio,
587 2144 670 2191 viri
690 2143 868 2208 optimi.
905 2144 1060 2192 Quam
1083 2145 1189 2206 quia
1210 2144 1390 2191 confido
1410 2144 1538 2191 vobis
1560 2160 1677 2206 quo-

330 2238 420 2284 que
439 2221 703 2285 placituram
726 2221 829 2276 effe,
854 2220 943 2267 hoc
964 2237 1111 2268 unum
1134 2220 1339 2285 superest,
1360 2233 1413 2267 ut
1436 2220 1479 2266 in
1504 2236 1554 2266 ea
1575 2235 1677 2283 per-

330 2296 522 2344 ficienda
551 2294 786 2358 diligenter
807 2311 991 2343 mecum
1015 2296 1236 2354 laboretis,
1259 2307 1304 2341 et
1325 2307 1426 2342 tum
1449 2295 1554 2340 alios
1576 2294 1696 2341 tum‘

329 2388 404 2419 eos
442 2388 557 2435 quos
597 2371 736 2418 modo
773 2370 870 2417 dixi
913 2371 1032 2418 viros
1075 2371 1330 2435 praestantes
1369 2371 1425 2416 ad
1469 2370 1676 2432 Spartam

328 2445 444 2494 hanc
466 2446 609 2510 magis
632 2463 684 2493 ac
711 2446 852 2510 magis
884 2447 1189 2493 exornandam
1222 2444 1543 2492 communibus
1575 2459 1676 2507 pre-

329 2521 456 2569 cibus
479 2538 664 2568 mecum
686 2521 942 2568 sollicitetis.
1012 2522 1113 2568 Hos
1136 2521 1256 2567 enim
1288 2520 1324 2567 fi
1355 2519 1484 2567 nobis
1517 2519 1676 2581 adjun-

330 2611 432 2660 gere
470 2597 762 2661 potuerimus‚
786 2613 877 2643 non
911 2597 976 2644 est
1010 2595 1204 2643 dubium
1243 2595 1354 2658 quin
1387 2594 1459 2641 alii
1492 2608 1677 2656 quoque

328 2671 421 2721 visa
463 2683 557 2721 tam
595 2671 808 2720 laudabili
847 2672 1156 2729 aemulatione,
1195 2672 1255 2718 ad
1287 2670 1410 2718 idem
1448 2680 1675 2717 concerta-
