1846 3250
122 842 158 873 n'n'
170 842 264 877 mima.

121 1232 231 1263 Homo
247 1242 302 1262 na-

121 1282 191 1304 tura
206 1274 325 1305 animal

120 1318 223 1349 civile.

121 1874 273 1918 ἀνθρώπου

122 1919 206 1949 ἔίτλαι
221 1918 316 1961 &gim-

121 1975 177 2000 αις,
195 1964 245 1992 καὶ
263 1963 327 2004 ἀξε-

155 2006 163 2016 Ι

125 2017 173 2038 τη.

126 2386 262 2417 Societas
276 2385 322 2415 fa-

119 2430 259 2459 -miliaris
279 2429 331 2458 tri-

128 2471 214 2512 plez.

341 148 381 187 vi
732 151 980 193 SYNOPSIS
1005 152 1329 195 ANALYTICA

339 268 438 305 unde
454 268 555 306 vicus
572 269 705 315 existit,
724 272 882 323 dispersi,
902 274 968 311 uni
987 281 1110 312 tamen
1135 275 1349 325 antiquiori,
1369 275 1406 313 id
1421 275 1471 314 est
1486 272 1694 325 patrifami-

340 332 408 369 lias
425 334 641 375 obedientes.
694 338 798 375 Hinc
814 339 956 388 colligit
976 339 1214 389 imperiorum
1242 339 1405 389 primum
1424 340 1464 377 in
1481 338 1694 376 civitatibus

339 395 442 433 fuiffe
467 411 634 448 regnum.
688 401 786 438 Cum
815 403 913 439 enim
941 403 1067 440 civiles
1087 403 1273 440 societates
1291 410 1380 441 ortae
1399 404 1468 440 fint
1485 417 1504 440 e
1522 402 1693 440 domesti-

336 461 402 506 cis,
422 463 478 499 hae
505 470 643 509 autem,
662 466 762 516 regio
789 466 901 503 veluti
930 467 1084 516 imperio
1111 475 1282 517 regantur
1309 468 1430 517 (pater
1454 467 1552 504 enim
1580 465 1692 502 fami·

334 524 404 561 lias
431 526 480 563 est
510 528 623 565 veluti
653 541 714 566 rex
743 529 895 566 familiae
921 529 1195 579 suae)profe610
1221 530 1345 567 civiles
1367 529 1479 566 etiam
1508 528 1692 566 societates

334 599 447 637 regno
468 589 615 627 fuerunt
634 592 817 641 principio
835 592 1106 630 administratae.
1162 593 1313 630 Accedit
1332 593 1431 642 quod
1455 592 1523 630 Dii
1541 591 1607 640 ipsi
1624 590 1692 627 uni

334 649 480 689 summo
515 655 604 703 reg-i,
642 655 679 691 id
714 655 763 692 est
795 655 891 705 Jovi,
927 662 1088 706 pareant,
1125 656 1336 706 semperque
1370 656 1460 693 olim
1492 653 1692 705 paruerint.

335 715 435 768 Ergo
469 723 505 754 et
537 719 702 755 homines
733 719 918 769 principio
945 720 1089 769 regibus
1122 725 1345 770 paruerunt3
1375 720 1440 770 qui
1471 719 1619 761 scilicet,
1650 723 1694 755 ut

335 779 452 829 specie
472 790 507 818 et
526 781 655 830 figura,
674 783 719 819 fic
737 789 774 819 et
791 783 876 820 vitae
904 796 946 820 ac
973 784 1119 834 imperii
1147 785 1266 828 modo,
1284 784 1368 821 Diis
1386 784 1420 820 se
1438 783 1568 820 similes
1596 782 1694 819 arbi-

337 851 492 882 trantur.
547 846 667 882 Postea
695 846 824 883 definit
852 845 910 888 ‘rin
943 849 1052 892 πόλιν,
1082 848 1269 884 civitatem
1303 849 1357 896 (et
1391 848 1477 884 binc
1509 847 1693 896 incipiunt

336 909 488 958 quidam
521 916 632 959 caput
659 910 827 958 tertium)
856 912 1071 948 Societatem
1104 911 1303 962 perfectam
1335 925 1379 948 ex
1409 912 1573 961 pluribus
1602 911 1693 948 vicis

335 973 544 1017 conflatam,
574 974 611 1010 in
641 987 715 1024 qua
742 975 778 1011 id
806 988 913 1012 omne
942 976 1039 1025 quod
1067 975 1151 1013 satis
1179 977 1241 1020 est,
1263 975 1511 1026 perfeetiffime
1538 976 1634 1020 infit,
1655 980 1692 1011 et

335 1051 420 1086 quae
438 1044 518 1074 orta
537 1038 685 1086 quidem
714 1039 757 1075 fit
783 1039 928 1076 vivendi
948 1039 1078 1077 causa:
1109 1041 1306 1077 constituta
1332 1046 1452 1077 autem
1479 1044 1695 1090 permaneat

333 1102 424 1137 bene
443 1101 588 1138 vivendi
607 1101 725 1139 causa.
778 1103 894 1139 Addit
911 1103 1100 1140 civitatem
1128 1103 1194 1139 effe
1222 1102 1417 1141 secundum
1444 1111 1630 1146 naturam,
1647 1108 1691 1139 ut

335 1165 471 1215 priores
497 1164 680 1203 societates
698 1180 716 1202 e
736 1166 867 1216 quibus
895 1167 1046 1205 constat.
1099 1167 1303 1204 Hominem
1332 1167 1443 1204 etiam
1470 1173 1600 1203 natura
1624 1165 1690 1202 effe

338 1230 507 1267 πολιτικὸν
528 1229 602 1281 ζῶον
623 1231 760 1268 animal
779 1231 896 1269 civile.
952 1231 1024 1269 Cui
1054 1231 1133 1268 ideo
1160 1231 1274 1268 sermo
1301 1231 1459 1268 tributus
1485 1231 1539 1274 fit,
1557 1230 1691 1268 scilicet

336 1294 382 1331 ad
404 1293 558 1343 justitiae
584 1294 741 1339 cultum,
763 1301 800 1332 et
827 1296 872 1332 ad
894 1293 958 1345 jus
984 1295 1194 1340 dicendum,
1213 1302 1255 1331 ut
1273 1295 1520 1332 animantibus
1548 1307 1618 1330 vox
1645 1294 1691 1330 ad

334 1357 474 1394 molesti
491 1362 527 1394 et
536 1356 693 1406 jucundi
711 1356 1025 1407 significationem.
1080 1359 1205 1396 Sermo
1222 1359 1321 1395 enim
1341 1358 1387 1395 ad
1405 1358 1512 1394 utilia
1529 1363 1565 1395 et
1582 1357 1694 1395 noxia

331 1421 486 1465 confert,
506 1435 589 1470 quae
617 1422 662 1458 ad
684 1420 866 1471 justitiam
893 1421 1070 1472 spe&ant.
1126 1423 1250 1460 Quare
1270 1426 1284 1459 ὅ
1305 1422 1440 1465 ἄπολις,
1460 1421 1524 1471 qui
1552 1434 1574 1457 a
1599 1421 1691 1457 civi-

330 1488 408 1522 tate
427 1484 635 1535 segregatus
653 1485 716 1530 est,
736 1486 794 1523 vel
813 1485 888 1523 fera
906 1486 968 1529 est,
988 1487 1044 1523 vel
1063 1487 1179 1530 Deus,
1198 1499 1271 1523 non
1293 1487 1402 1523 homo
1419 1501 1427 1522 :
1459 1485 1537 1522 Qui
1557 1485 1692 1522 seilicet

331 1551 389 1587 vel
408 1550 454 1586 ob
475 1562 619 1587 morum
646 1549 828 1587 feritatem
856 1563 930 1587 non
958 1550 1062 1600 poffit
1089 1551 1182 1587 inter
1208 1550 1374 1587 homines
1401 1562 1531 1598 agere:
1560 1550 1619 1586 vel
1644 1550 1693 1586 ob

333 1614 551 1665 αὐτάρκειαν,
578 1614 648 1650 five
673 1614 871 1651 bonorum·
881 1614 1119 1652 sufficientem
1146 1614 1306 1664 copiam,
1335 1626 1410 1650 non
1439 1618 1542 1662 egeat
1569 1613 1690 1650 homi-

332 1691 424 1716 num
454 1678 621 1714 societate
647 1682 684 1715 et
711 1678 859 1716 auxilio.
915 1679 1115 1715 Concludit
1139 1678 1296 1715 civitatis
1323 1677 1552 1714 fundatorem
1572 1677 1693 1714 maxi-

334 1755 481 1779 morum
510 1743 690 1779 bonorum
719 1741 903 1779 auctorem
923 1742 1039 1785 fuiffe,
1053 1741 1204 1791 justitiae
1225 1742 1379 1779 scilicet:
1408 1742 1504 1778 unde
1524 1739 1612 1784 δίκη,
1626 1740 1691 1791 ju-

333 1805 486 1848 dicium,
506 1804 604 1853 quod
620 1804 669 1841 est
689 1807 864 1847 πολιτικῆς
892 1805 1051 1847 κοινωνίαις
1070 1804 1179 1850 τάξις,
1199 1804 1308 1841 civilis
1321 1803 1493 1854 speie-tatis
1510 1803 1600 1850 ordo,
1619 1816 1694 1853 quo

335 1869 431 1905 nihil
461 1868 604 1912 melius,
631 1868 726 1905 nihil
753 1868 1000 1905 excellentius.
1056 1868 1140 1904 Hoc
1168 1868 1247 1905 loco
1274 1880 1376 1904 arma
1403 1867 1562 1904 hominis
1585 1873 1694 1904 vocat

337 1932 571 1982 prudentiam
596 1938 635 1968 ct
660 1931 860 1976 virtutem;
892 1937 1002 1980 atque
1031 1930 1125 1967 nihil
1153 1930 1219 1967 effe
1243 1929 1340 1980 justo
1368 1929 1599 1980 perfectoque
1627 1931 1693 1967 ho-

338 1997 439 2033 mine
458 1995 590 2033 melius
605 2011 616 2042 5
645 1995 771 2033 eodem
789 1993 920 2044 injusto
939 1995 1033 2032 nihil
1050 1995 1220 2040 deterius,
1240 1994 1439 2045 praesertim
1459 2000 1614 2033 armato.

851 2100 915 2139 Ad
933 2101 1021 2152 Cap.
1039 2101 1183 2139 tertium.

390 2188 571 2235 Dicturus
589 2187 659 2238 περὶ
680 2189 872 2235 οἶκονομῖας,
891 2189 937 2224 ab
955 2186 1032 2237 ejus
1058 2186 1324 2238 fimpliciffimis
1351 2187 1515 2237 partibus
1541 2187 1692 2232 orditur,

338 2266 422 2303 quae
452 2252 536 2289 sunt
565 2251 728 2294 δεσπότης
756 2251 814 2288 καὶ
841 2250 964 2296 δοῦλος,
991 2251 1162 2288 dominus
1188 2259 1225 2288 et
1251 2250 1369 2288 servus
1383 2267 1394 2297 3
1423 2250 1482 2288 nai
1507 2253 1605 2295 πόσις
1632 2251 1691 2289 καὶ

340 2317 480 2366 ἄλοχος,
508 2312 632 2354 etvir
658 2322 695 2352 et
723 2328 839 2362 uxor5
873 2314 932 2352 καὶ
966 2314 1076 2367 πατὴρ
1104 2314 1162 2352 καὶ
1190 2319 1301 2359 τέκνα,
1324 2321 1360 2352 et
1386 2321 1489 2365 pater
1514 2322 1550 2352 et
1576 2308 1693 2352 liberi.

340 2379 451 2416 Unde
469 2379 628 2415 existunt
645 2378 801 2414 rationes
821 2377 881 2414 seu
904 2377 1033 2414 formae
1059 2386 1129 2414 tres
1151 2378 1281 2414 domus
1301 2378 1369 2414 five
1387 2377 1554 2423 familiae,
1576 2375 1695 2416 δεσπο-

341 2442 432 2488 τικὴ,
449 2441 592 2491 ympni),
611 2441 868 2482 τεκνοποιητικῆ.
924 2442 1072 2478 Quibus
1091 2447 1352 2479 annumeratur
1367 2441 1639 2494 χξηματιστικῆ,
1659 2443 1696 2480 id

338 2507 402 2551 est,
421 2507 512 2543 ratio
531 2507 581 2542 rei
598 2506 818 2542 nummariae
833 2506 1102 2555 comparandae,
1122 2506 1182 2542 vel
1200 2518 1256 2542 ars
1275 2506 1503 2556 quaestuaria.
1557 2507 1694 2545 Dicen-

339 2573 430 2610 dum
450 2585 536 2621 ergo
555 2579 640 2609 ante
658 2572 782 2608 omnia
801 2572 844 2608 de
862 2571 1013 2608 domino
1030 2577 1067 2608 et
1084 2570 1197 2608 servo.

841 2675 904 2714 Ad
924 2675 1008 2727 Cap.
1028 2685 1200 2726 quartum.

392 2758 533 2803 Statuit
551 2763 672 2815 primo
691 2762 749 2805 τὴν
767 2765 895 2809 κτῆσιν,
915 2761 1169 2813 poffeffionem,
1189 2762 1259 2800 {ive
1285 2774 1361 2800 rem
1381 2761 1614 2808 familiarem,
1632 2761 1697 2800 effe
1729 2788 1731 2792 s
