1904 3308
182 213 566 262 POLITICORUM
592 205 955 253 ARISTOTELIS.
982 206 1075 246 VII.
1109 212 1170 257 15,
1193 202 1256 244 16.
1371 200 1434 241 xci

484 355 548 396 Ad
567 355 656 409 Cap.
676 350 1005 404 decimumquintum.

107 467 248 507 Statuit
266 467 392 519 primo
410 466 566 504 virtutes
594 463 640 502 ad
664 462 786 500 otium
806 458 1011 511 spectantes
1029 455 1096 495 effe
1114 453 1259 493 civitati
1279 452 1436 491 necessa-

55 533 140 572 rias.
195 533 256 571 Sic
273 533 443 570 scientias
461 538 497 569 et
515 538 622 573 artes,
638 529 711 566 five
729 525 1005 577 Philosophiam
1034 524 1081 561 ad
1109 534 1238 574 pacem
1257 529 1295 558 et
1312 520 1433 558 otium
1448 518 1653 560 Philosophia

55 598 220 649 requiri3
249 608 293 635 ut
325 596 581 634 fortitudinem
613 603 650 631 et
681 593 848 631 laborum
881 589 1118 628 tolerantiam
1148 589 1194 625 ad
1230 586 1370 624 bellum
1399 590 1437 623 et
1447 570 1654 648 ῗζὲἰξῗὲοώ

58 663 231 714 negotia:
251 661 536 712 temperantiam
551 671 637 696 vero
650 656 900 708 etjustitiam,
914 656 959 692 ad
979 662 1182 704 utrumque
1200 659 1361 702 tempuS,
1378 649 1437 688 sed
1448 651 1536 683 saria·

59 728 263 780 praesertim
293 727 339 764 ad
367 734 514 776 tempus
542 725 668 776 pacis:
701 724 790 761 Quo
820 720 1069 772 turpiffimum
1098 720 1149 757 est
1177 732 1252 756 non
1279 716 1375 769 poffe
1404 715 1438 754 se

60 794 184 832 virum
216 793 355 829 bonum
387 797 424 828 et
454 790 555 840 frugi
585 789 767 840 praestare,
797 801 883 825 cum
914 787 953 824 in
985 786 1079 823 bello
1105 785 1282 822 virtutem
1311 782 1436 821 colas:

62 858 163 909 quod
180 863 258 894 erat
276 856 411 893 vitium
433 856 712 907 Spartanorum.
766 853 906 891 Statuit
926 851 1092 895 secundo,
1109 851 1239 887 debere
1257 849 1361 900 prius
1381 849 1442 886 in-

60 923 288 962 stitutionem
322 920 402 958 fieri
431 935 476 958 ex
507 920 769 958 consuetudine
796 925 834 956 et
861 918 1039 961 moribus,
1064 929 1180 967 quam
1212 929 1258 953 ex
1286 915 1442 960 ratione,

60 989 151 1039 quia
181 987 369 1039 appetitus
401 986 634 1037 generatione
663 985 765 1035 prior
794 984 844 1021 est
871 983 1038 1021 ratione:
1069 989 1113 1019 ut
1140 993 1273 1032 corpus
1299 980 1441 1018 animo.

61 1054 111 1092 Et
143 1053 183 1090 in
216 1052 339 1104 pueris
375 1051 445 1088 sese
478 1051 581 1102 prius
612 1049 752 1101 profert
782 1050 848 1093 ira,
879 1055 916 1086 et
948 1048 1148 1099 cupiditas,
1185 1059 1300 1096 quam
1334 1044 1441 1083 ratio.

62 1120 166 1158 Prior
191 1132 279 1169 ergo
305 1118 372 1156 effe
397 1119 504 1155 debet
529 1117 692 1168 corporis
710 1116 868 1159 cultura,
887 1129 1001 1166 quam
1022 1114 1166 1160 animi3
1197 1111 1440 1164 appetitionis
1452 1117 1576 1157 Corpus
1632 1158 1641 1166 ·

64 1198 180 1236 quam
202 1184 363 1221 mentis:
394 1183 452 1221 sed
482 1184 534 1220 ita
563 1191 606 1220 ut
631 1195 766 1234 corpus
794 1189 944 1234 propter
963 1181 1134 1218 animum
1152 1179 1355 1224 excolatur,
1453 1166 1659 1202 ''mptemm’

1374 1190 1396 1215 a
1427 1197 1442 1206 .

68 1250 208 1302 petitus
225 1256 376 1301 propter
395 1255 572 1292 mentem.
1397 1190 1422 1229 Ρ
1453 1213 1639 1280 enolirzezxei.

509 1354 574 1396 Ad
594 1354 682 1407 Cap.
702 1354 1009 1406 decimumsextum.

122 1442 263 1482 Statuit
281 1443 524 1481 Nomothetae
542 1455 679 1479 munus
697 1442 778 1487 effe,
797 1449 840 1480 ut
859 1442 1050 1493 provideat
1068 1440 1281 1492 cogitetque
1298 1439 1344 1478 de
1365 1451 1449 1477 ma-

66 1508 246 1547 trimonio
264 1507 419 1545 feliciter
437 1507 611 1552 ineundo,
629 1521 672 1544 eo
690 1506 827 1545 scilicet
844 1507 930 1553 tine,
957 1515 1000 1545 ut
1028 1508 1171 1558 optima
1199 1506 1292 1544 fiant
1318 1516 1447 1544 eorum

69 1574 137 1625 qui
166 1573 332 1618 aluntur,
363 1585 542 1624 corpor-215
573 1586 733 1623 quorum
761 1573 884 1610 cultus
913 1580 949 1610 et
978 1573 1148 1610 educatio
1176 1572 1294 1610 animi
1322 1571 1448 1610 cultu·

69 1652 151 1678 ram
169 1639 276 1676 debet
295 1638 518 1675 antecedere.
574 1638 707 1687 ltaque
733 1638 778 1675 de
806 1644 971 1688 tempore
990 1638 1157 1688 con'3ugii
1183 1643 1219 1675 et
1247 1636 1292 1674 de
1318 1634 1450 1686 conju·

71 1717 163 1754 gum
183 1703 395 1740 conditione
413 1702 540 1739 debere
567 1701 633 1738 este
661 1701 872 1740 sollicitum.
928 1702 1173 1753 Speotandam
1199 1701 1266 1740 effe
1285 1700 1450 1739 filiorum

72 1767 337 1810 succeffionem,
356 1773 400 1803 ut
419 1779 486 1803 nec
511 1765 626 1803 nimis
654 1767 701 1804 ab
729 1773 838 1804 aetate
865 1774 1060 1817 parentum
1095 1767 1252 1810 distent;
1280 1772 1453 1817 parentes

72 1833 174 1870 enim
193 1830 419 1881 sexagenarii
447 1837 512 1868 aut
538 1829 821 1881 septuagenarii,
850 1839 887 1868 et
915 1830 983 1869 filii
1009 1832 1265 1882 quadrienna,
1284 1831 1342 1869 vel
1369 1830 1453 1885 sep-

75 1903 246 1941 tuennes,
274 1903 340 1933 aut
366 1895 522 1939 circiter,
550 1895 586 1933 se
614 1895 756 1933 mutuis
783 1895 967 1933 beneficiis
998 1902 1190 1946 nequeunt
1215 1895 1302 1933 satis
1342 1895 1452 1947 adju-

75 1975 162 2000 vare
177 1979 188 2008 ;
235 1974 356 2012 neque
392 1961 506 1997 etiam
544 1960 696 2011 propius
733 1961 910 1998 accedant
954 1962 1001 1999 ad
1045 1968 1195 2000 aetatem
1237 1969 1453 2012 parentum,

75 2027 181 2065 Hinc
211 2026 312 2063 enim
349 2025 471 2062 minor
502 2025 553 2062 est
582 2019 744 2062 filiorum
773 2038 861 2076 erga
897 2033 1065 2077 parentes
1097 2026 1325 2072 reverentia5
1364 2027 1456 2065 hinc

75 2090 267 2131 discordia:
286 2092 324 2129 in
342 2091 498 2128 familia.
558 2091 676 2128 Docet
694 2104 779 2129 vero
798 2091 1000 2129 terminum
1027 2091 1286 2142 generationis,
1304 2090 1346 2130 in
1364 2092 1455 2130 viris

79 2157 232 2208 quidem
260 2157 305 2194 ad
334 2155 524 2192 summum
552 2155 620 2192 effe
635 2167 787 2194 aannum
815 2155 1122 2208 septuagesimum
1137 2172 1149 2203 3
1179 2156 1218 2194 in
1237 2156 1456 2195 mulieribus

81 2221 445 2272 quinquagefimum.
499 2219 868 2259 Adoleffientulorum
887 2228 923 2258 et
938 2220 1135 2270 juniorum
1154 2221 1345 2272 virginum
1366 2235 1454 2260 con·
1468 2232 1550 2272 Lege
1564 2232 1656 2264 Lvii.

77 2284 189 2335 jugia
221 2298 296 2322 non
330 2285 396 2322 effe
432 2285 679 2335 procreationi
711 2285 858 2324 idonea.
914 2286 1029 2324 Quod
1059 2287 1085 2324 fi
1118 2295 1308 2338 generent,
1341 2287 1457 2326 foetus
1467 2276 1507 2308 ‘¹⁶
1523 2276 1663 2326 ῌὶῆοή*

84 2351 184 2389 nasci
213 2351 558 2402 imperfectiffimos‚
577 2357 615 2388 et
633 2351 816 2389 foemellas
847 2352 974 2402 potius
1003 2365 1118 2403 quam
1138 2365 1272 2398 mares,
1292 2366 1359 2391 nec
1385 2354 1460 2391 fine
1469 2321 1583 2395 augin·
1598 2329 1627 2351 c·
1641 2326 1674 2361 ⁵⁹

86 2417 219 2454 matris
237 2417 412 2466 periculo.
467 2419 642 2455 Praeterea
668 2430 713 2453 ex
740 2425 965 2468 praematuro
990 2416 1167 2469 conjugio
1193 2419 1295 2456 reddi
1320 2419 1461 2470 puellas

83 2482 288 2524 salaciores,
305 2494 393 2518 cum
414 2481 625 2531 grandiores
644 2480 759 2520 fiunt:
792 2483 880 2520 item
909 2483 1072 2534 corporis
1096 2484 1366 2522 incrementum
1387 2484 1461 2523 im-

86 2547 217 2599 pediri.
276 2548 430 2583 Annum
460 2559 547 2596 ergo
573 2547 805 2585 matrimonii
823 2548 863 2585 in
882 2549 1016 2599 puellis
1033 2548 1099 2587 efle
1115 2549 1264 2588 circiter
1284 2551 1463 2589 duodevi-
1473 2562 1681 2597 Annuuon-

87 2612 292 2657 cesunum5
323 2611 362 2647 in
392 2611 566 2655 maribus,
585 2612 1023 2664 tricefimumseptimum.
1075 2614 1351 2665 Tempestatem
1378 2605 1600 2680 vem-leffffilig
1611 2616 1673 2681 PFB‘

1605 2673 1613 2680 .
1629 2661 1638 2681 1

89 2676 234 2726 copula:
265 2676 425 2712 maritali
453 2676 633 2726 aptiorem
653 2677 720 2714 effe
744 2679 964 2728 hyemalem.
1019 2679 1236 2717 Audiendos
1263 2683 1332 2717 hac
1358 2680 1399 2719 in
1426 2693 1550 2725 oeviris
1565 2701 1620 2734 37,

93 2740 274 2784 Med-icor„
292 2747 328 2776 et
350 2740 528 2790 Pbyficos.
585 2742 762 2779 Mulieres
789 2743 961 2793 gravidas
986 2744 1114 2781 debere
1138 2744 1320 2782 alimento
1337 2746 1464 2798 copio-

89 2807 177 2843 flore
200 2807 268 2850 uti,
287 2819 436 2857 corpore
454 2807 688 2845 mediocriter
703 2809 873 2852 exerceri,
890 2809 1131 2860 peregrinari,
1148 2808 1302 2848 invisere
1322 2811 1467 2862 templa

90 2872 259 2916 deorum,
288 2872 354 2922 qui
385 2873 565 2923 partubus
592 2873 781 2923 praesunt:
808 2881 935 2911 mente
963 2873 1156 2926 quiescere,
1186 2887 1253 2914 nec
1279 2875 1378 2914 curis
1403 2876 1466 2914 ni-
