1904 3282
231 953 301 984 Vox
317 954 415 985 Galli-

229 1005 279 1032 ca,
295 996 325 1026 la
344 997 428 1031 Coun

229 1040 271 1068 est
287 1048 306 1068 a
320 1049 397 1070 voce

229 1081 353 1119 Graeca,
370 1081 403 1111 2⁷3

226 1121 327 1165 κόρων.

226 1979 296 2009 Veri
314 1978 391 2008 civis

225 2027 313 2053 nota.

228 2065 295 2094 Lib.
309 2064 353 2093 iii.
371 2062 428 2092 Po.

227 2106 276 2137 lit.
291 2115 364 2146 cap.
381 2115 408 2135 1.

441 146 529 183 xxiv
817 147 1062 187 SYNOPSIS
1088 148 1408 187 ANALYTICA

438 253 521 289 lites
535 269 546 298 3
577 254 775 300 Privatam,
794 268 879 306 quae
897 255 941 292 ad
962 255 1137 305 agricolas
1164 256 1370 306 pertineret.
1425 256 1567 306 Legum
1585 254 1696 292 etiam
1715 252 1787 290 tria

438 316 565 354 debere
593 330 726 368 genera
756 319 936 361 constitui,
969 333 1054 356 cum
1081 318 1220 369 judicia
1250 320 1295 357 de
1323 321 1437 356 tribus
1464 326 1607 364 tanturn
1627 317 1702 356 fieri
1731 317 1786 354 so-

439 379 564 426 leant;
593 394 724 431 nempe
742 383 786 419 de
805 382 938 431 injuria
958 383 1026 419 five
1043 383 1279 426 contumelia,
1297 383 1445 426 damno,
1473 390 1508 419 et
1535 389 1665 425 morte,
1694 393 1786 430 quo-

440 456 522 481 rum
543 445 704 495 primum
731 446 780 482 est
807 455 933 482 contra
959 446 1098 483 famam
1122 448 1190 483 five
1217 448 1354 483 bonurn
1375 446 1547 491 honoris;
1576 445 1787 486 secundum,

439 513 567 544 contra
584 521 670 557 opes
688 516 722 545 et
743 510 837 545 bona
856 508 1011 546 fortunae
1027 525 1037 555 ;
1066 510 1229 553 tertium,
1249 517 1375 547 contra
1393 510 1507 546 vitam
1535 517 1571 546 et
1597 510 1690 545 bona
1708 520 1786 544 cor-

441 571 552 620 poris.
607 573 701 608 Item
730 573 855 609 debere
885 585 1001 609 unum
1032 574 1214 622 quoddam
1247 573 1447 623 principale
1474 571 1691 623 ὃικαστῆςιον,
1718 573 1790 609 five

442 633 652 685 supremum
681 635 840 671 tribunal
869 648 909 672 ac
931 634 1128 683 judicium,
1155 637 1193 672 in
1223 636 1427 686 Republica
1454 636 1607 679 institui,
1625 637 1724 685 quod
1746 637 1789 672 fit

442 698 615 735 maximae
642 698 883 740 auetoritatis.
911 700 956 735 ad
982 700 1079 748 quod
1107 699 1239 736 scilicet
1257 706 1298 736 ut
1317 690 1360 736 ad
1379 700 1577 749 optimum,
1594 699 1657 736 fiat
1677 713 1698 736 a
1717 700 1787 736 mi-

439 762 587 798 noribus
608 760 758 811 judiciis
785 763 1003 812 provocatio.
1057 763 1170 800 Quod
1203 764 1307 800 hodie
1335 762 1375 800 fit
1403 764 1440 800 in
1469 764 1614 800 Gallia:
1646 764 1684 800 in
1713 777 1788 813 qua

439 824 623 874 litigantes
642 832 677 861 et
696 826 926 862 condemnati
947 827 992 862 ab
1012 826 1179 863 inferiore
1206 834 1242 863 et
1268 825 1487 871 subalterno,
1514 834 1556 863 ut
1584 827 1702 869 aiunt,
1723 825 1787 876 ju-

437 887 529 931 dice,
557 888 756 938 appellant,
786 896 1052 939 provocantque
1078 890 1122 926 ad
1150 889 1367 939 superiorem
1398 890 1675 938 magistratum3
1706 897 1788 926 tan-

439 952 594 1001 demque
622 952 666 988 ad
696 951 901 1001 supremum
932 953 1119 996 Senatum,
1148 960 1188 989 ut
1216 954 1261 989 ad
1290 954 1402 1004 Κύριον
1433 953 1651 1005 δικαστῆςιον,
1671 966 1692 990 a
1713 966 1787 1003 quo

440 1028 513 1051 non
542 1015 649 1051 liceat
676 1015 835 1064 amplius
861 1029 1066 1065 provocare.
1122 1017 1294 1054 Praeterea
1322 1017 1447 1053 debere
1465 1017 1502 1053 in
1522 1017 1599 1053 foro
1620 1015 1788 1066 judiciali

439 1078 651 1115 sententiam
674 1077 769 1120 ferri,
789 1091 862 1114 non
881 1076 937 1116 διὰ
955 1079 1177 1129 ψηφοφορίας,
1196 1091 1261 1128 per
1277 1079 1448 1123 calculos,
1468 1079 1525 1116 sed
1546 1093 1609 1129 per
1627 1080 1787 1124 πινάκιον,

437 1141 622 1185 tabellam,
641 1141 678 1178 in
700 1155 772 1191 qua
798 1141 971 1178 scribatur
997 1141 1187 1184 absolutio,
1205 1142 1261 1178 vel
1288 1143 1556 1186 condemnatio,
1574 1142 1631 1179 vel
1660 1143 1784 1181 mode-

436 1205 530 1242 ratio
548 1205 672 1255 aliqua
686 1203 831 1254 judicii.
885 1206 946 1242 Ad
966 1206 1043 1241 haec
1061 1206 1185 1242 debere
1213 1195 1363 1255 praemia
1381 1205 1615 1255 publicosque
1635 1207 1787 1244 honores

435 1270 480 1307 iis
499 1270 655 1314 decerni,
678 1270 741 1319 qui
770 1269 860 1306 utile
886 1270 1075 1319 quidpiam
1107 1269 1334 1319 Reipublicae
1364 1269 1579 1307 invenerint.
1635 1271 1785 1307 Liberos

433 1334 543 1371 etiam
563 1347 701 1375 eorum,
721 1334 786 1383 qui
806 1347 871 1382 pro
890 1334 1018 1383 patriae
1035 1333 1234 1370 defensione
1255 1334 1291 1370 in
1311 1334 1405 1370 bello
1423 1335 1671 1378 occubuerint,
1689 1335 1785 1384 pub-

435 1398 515 1435 licis
543 1398 748 1447 sumptibus
775 1397 839 1434 effe
868 1397 1024 1435 alendos.
1081 1398 1318 1446 Magistratus
1346 1411 1490 1447 quoque
1517 1411 1643 1436 omnes
1670 1412 1692 1435 a
1718 1412 1784 1448 po-

436 1463 524 1512 pulo
542 1462 738 1511 eligendos,
794 1461 924 1510 Populi
952 1467 1075 1497 autem
1107 1462 1255 1498 nomine
1283 1468 1354 1498 tres
1381 1462 1460 1498 illos
1487 1463 1643 1507 ordines,
1671 1463 1786 1499 nimi-

436 1539 518 1563 rum
540 1526 708 1570 artifices,
729 1526 916 1575 agricolas,
934 1533 967 1562 et
990 1525 1126 1561 milites
1145 1525 1411 1574 intelligendos.
1464 1526 1634 1575 Denique
1653 1526 1785 1564 eleetos

437 1589 675 1639 ἐπιμελεῖσθαι
695 1595 814 1634 κοινῶν,
835 1589 891 1626 καὶ
913 1589 1051 1634 ξενικῶν,
1071 1588 1128 1625 καὶ
1149 1592 1335 1641 ὄξφανικῶν,
1353 1590 1476 1626 debere
1502 1603 1628 1627 curam
1656 1591 1787 1628 habere

435 1667 555 1690 rerum
589 1652 860 1695 communium,
887 1652 1174 1701 peregrinarum,
1202 1658 1237 1688 et
1264 1651 1515 1702 pupillarium‚
1541 1666 1624 1702 quae
1651 1652 1788 1691 scilicet

436 1718 480 1754 ad
501 1717 659 1766 pupillos
688 1716 898 1765 parentibus
926 1716 1070 1751 orbatos
1100 1714 1274 1764 speetant.
1329 1715 1383 1752 Ex
1404 1715 1460 1751 his
1481 1716 1595 1764 igitur
1613 1717 1788 1754 institutis

435 1780 614 1817 nonnulla
633 1778 860 1830 reprehendit
879 1778 1102 1821 Aristoteles,
1122 1784 1164 1814 ut
1190 1778 1288 1827 quod
1307 1778 1496 1827 agricolae„
1514 1785 1550 1815 et
1567 1778 1714 1828 opifices
1733 1779 1788 1816 fe-

434 1843 524 1880 cerit
543 1842 801 1893 Hippodamus
822 1847 940 1891 partes
960 1841 1199 1890 Reipublicae,
1220 1841 1287 1877 five
1315 1853 1415 1877 veros
1440 1842 1547 1879 cives.
1601 1843 1659 1879 Sic
1686 1843 1787 1880 enim

435 1912 615 1956 oporteret
642 1918 700 1942 eos
729 1904 889 1941 civitatis
918 1905 1114 1940 honoribus
1134 1910 1169 1939 et
1189 1904 1457 1952 magistratibus
1481 1905 1646 1941 exornari
1660 1922 1671 1952 3
1701 1918 1787 1943 cum

438 1971 618 2007 honorum
646 1968 880 2018 participatio
900 1968 941 2004 fit
969 1967 1042 2003 veri
1070 1967 1160 2003 civis
1188 1967 1371 2016 praecipua
1390 1974 1489 2011 nota,
1507 1974 1550 2004 ut
1571 1968 1666 2005 infra
1682 1969 1788 2006 doce-

438 2034 519 2071 bit:
549 2035 604 2070 A't
635 2032 828 2069 absurdum
856 2030 905 2068 est
930 2037 966 2067 et
994 2030 1202 2067 indecorum
1231 2029 1376 2080 opifices
1403 2037 1439 2067 et
1465 2031 1640 2080 agricolas
1667 2045 1789 2082 gerere

441 2095 720 2146 magistratum:
751 2093 949 2144 praesertim
977 2088 1065 2130 cum*
1090 2107 1148 2130 eos
1176 2094 1286 2130 armis
1314 2094 1492 2130 orbaverit
1510 2095 1785 2144 Hippodamus,

440 2161 508 2198 Sed
536 2166 572 2196 et
603 2159 771 2208 agricolae
802 2157 949 2194 inutiles
976 2156 1060 2194 sunt
1085 2157 1241 2201 civitati,
1259 2170 1300 2194 eo
1329 2158 1435 2195 modo
1461 2172 1535 2207 quo
1553 2172 1611 2196 eos
1631 2160 1789 2198 instituit

439 2224 700 2274 Hippodamus
715 2239 726 2268 3
755 2234 840 2258 cum
869 2234 928 2258 eos
954 2220 1109 2257 voluerit
1135 2219 1214 2257 suos
1242 2221 1413 2270 privatim
1442 2235 1546 2271 agros
1563 2223 1625 2259 fibi
1646 2225 1789 2270 habere,

439 2287 569 2337 eosque
587 2287 712 2331 colere,
731 2298 804 2322 non
825 2284 1018 2329 militibus,
1036 2283 1095 2320 sed
1112 2284 1188 2321 fibi.
1242 2284 1489 2334 Reprehendit
1515 2286 1623 2322 etiam
1648 2288 1789 2324 Aristo-

441 2352 527 2388 teles
559 2351 660 2387 illam
689 2349 767 2399 agri
793 2349 1016 2385 divifionem.
1071 2348 1167 2385 Quis
1195 2349 1294 2385 enim
1322 2350 1390 2386 erit
1416 2351 1565 2387 tandem
1584 2353 1648 2400 qui
1667 2354 1791 2401 publi-

441 2427 528 2452 cum
555 2426 684 2463 agrum
712 2412 836 2450 colat?
864 2412 953 2449 Non
986 2412 1050 2462 ipsi
1077 2413 1224 2449 milites.
1279 2413 1338 2450 Sic
1361 2413 1456 2450 enim
1478 2414 1586 2451 effent
1607 2416 1790 2464 agricolae,

443 2478 543 2528 quod
578 2491 652 2515 non
683 2476 766 2514 vult
797 2476 1070 2526 HippodamuS.
1123 2476 1213 2512 Non
1243 2475 1403 2526 opifices,
1435 2478 1524 2527 quia
1554 2477 1626 2516 suis
1657 2486 1788 2517 vacant

444 2541 584 2580 officiis,
637 2541 730 2578 Non
757 2540 938 2590 agricolae,
964 2540 1052 2589 quia
1079 2539 1159 2576 suos
1189 2541 1324 2577 habent
1346 2554 1448 2590 agros
1475 2542 1539 2578 fibi
1565 2542 1790 2584 excolendos.

445 2605 691 2657 Reprehendit
715 2611 887 2655 praeterea
912 2603 1127 2641 tabellarum
1147 2603 1252 2641 usum
1281 2605 1318 2641 in
1340 2604 1490 2654 judiciis
1507 2605 1676 2651 ferendis,
1697 2620 1791 2657 prae-

444 2669 566 2708 sertim
586 2669 715 2713 tertiae‚
733 2681 817 2718 quae
834 2667 1116 2704 moderationem
1138 2667 1270 2717 judIcii
1297 2667 1460 2714 afferret3
1490 2669 1575 2706 hinc
1592 2670 1690 2707 enim
1712 2671 1791 2708 tolli

443 2732 634 2770 discrimen
663 2732 757 2769 inter
776 2720 938 2781 judicem
966 2738 1003 2768 et
1028 2731 1230 2773 arbitrum:
1261 2739 1297 2770 et
1316 2744 1487 2783 magnam
1508 2733 1633 2773 induci
1650 2733 1790 2773 senten-
