1904 3308
271 227 652 270 mLmCORUM
679 224 1039 268 ARISTOTELIS.
1068 225 1142 264 VI.
1169 237 1210 273 3,
1239 236 1280 274 4.
1402 220 1484 260 lxxi

111 342 412 390 (ἔκκλησιαστικόν
447 341 506 380 καὶ
544 339 735 380 δικαστικὸν
769 338 901 378 Pollux
932 336 1112 389 appellat)
1145 334 1356 387 proposita:
1393 332 1486 370 alias

111 419 190 445 non
210 421 371 459 magnae,
388 407 493 459 plebe
517 406 651 445 scilicet
677 404 804 444 omnia
828 404 875 442 ad
901 403 1006 442 suam
1033 401 1248 454 potestatem
1277 403 1484 438 revocante.

113 484 156 523 9.
176 473 410 511 Quibusdam
443 471 728 525 magistratibus,
745 475 789 508 ut
819 469 865 507 iis
891 481 1051 521 quorum
1081 466 1258 505 solemnia
1283 463 1369 502 sunt
1395 475 1485 500 con-

113 537 228 583 vivia,
247 539 317 576 five
335 540 518 583 συσσίτια,
536 536 780 575 mercedulam
807 534 873 573 effe
901 532 1192 586 proponendam.
1245 529 1422 578 Denique
1440 533 1485 566 ut

115 601 356 653 Oligarchica
374 603 457 641 sunt
475 616 603 654 genus,
620 601 778 645 divitiae,
796 599 978 637 institutio
1006 599 1077 636 five
1102 596 1322 648 disciplina:
1351 595 1399 632 fic
1418 593 1486 631 ho·

114 680 202 704 rum
214 668 397 706 contraria
407 667 473 705 effe
484 666 757 711 Democratica,
771 664 913 716 generis
926 663 1199 706 obscuritatem,
1213 663 1486 712 paupertatem,

117 730 347 783 sordidasque
366 738 472 770 artes.
527 731 645 768 Addit
663 744 738 768 non
755 731 883 767 debere
901 729 967 767 effe
985 734 1204 780 perpetuum
1222 725 1342 763 ullum
1363 722 1487 773 magi-

116 794 271 834 stratum
285 813 298 844 i
330 796 389 834 sed
420 797 490 834 hoc
514 794 690 845 δημοτικὸν
723 793 956 844 νομοθέτημα,
986 793 1034 833 ad
1062 792 1205 831 sextum
1237 789 1353 844 potest
1382 801 1487 827 revo-

112 874 202 903 Can·

629 969 695 1011 Ad
711 970 798 1022 Cap.
818 968 967 1008 tertium.

170 1057 348 1108 Proponit
364 1058 643 1095 controverfiam
661 1058 707 1095 de
719 1055 804 1106 jure
822 1055 952 1107 populi
971 1055 1010 1093 in
1031 1053 1285 1099 Democratia,
1302 1051 1498 1104 quomodo·

118 1120 214 1160 illud
231 1123 361 1160 debeat
378 1122 562 1160 aestimari.
616 1123 682 1160 An
713 1135 758 1159 ex
787 1135 830 1159 eo
859 1121 958 1171 quod
985 1120 1132 1157 videtur
1159 1117 1292 1169 majori
1319 1116 1416 1169 parti
1435 1116 1491 1153 ci-

118 1188 223 1225 vium
239 1204 250 1234 ;
280 1201 326 1226 an
359 1202 404 1225 ex
433 1201 476 1226 eo
508 1187 607 1238 quod
638 1187 784 1225 videtur
813 1186 1071 1237 optimatibus,
1098 1184 1156 1222 vel
1190 1182 1492 1234 locupletioribus

116 1252 261 1303 paucis.
316 1252 526 1304 Respondet
546 1258 667 1290 ratum
687 1251 753 1290 effe
770 1251 899 1289 debere
916 1250 1017 1301 quod
1034 1248 1199 1299 utrisque
1217 1246 1336 1285 visum
1366 1245 1491 1289 fuerit,

118 1325 187 1355 aut
205 1316 384 1368 pluribus.
440 1318 505 1356 Sin
524 1317 717 1356 contrariae
735 1316 874 1354 fuerint
891 1317 1095 1367 opiniones,
1110 1316 1209 1366 quod
1227 1314 1350 1366 plures
1368 1312 1490 1351 sele&
1505 1301 1709 1387 ggggrligfg·

121 1389 160 1419 et
179 1395 224 1419 ex
242 1383 478 1434 pauperibus,
497 1390 534 1420 et
552 1396 597 1420 ex
615 1382 860 1434 optimatibus
886 1382 1091 1434 probarint,
1109 1381 1146 1418 id
1163 1380 1230 1419 effe
1247 1380 1493 1431 probandum.
1505 1398 1535 1421 et
1549 1390 1657 1430 egenis

121 1446 351 1486 Sententiam
380 1455 506 1486 tamen
533 1461 613 1486 eam
642 1447 710 1486 effe
737 1448 934 1499 potiorem,
953 1461 1039 1498 quae
1058 1445 1196 1497 majore
1211 1445 1321 1484 censu
1338 1445 1494 1484 nitatur,
1505 1433 1674 1517 {33:135-

123 1512 193 1550 Sed
220 1513 346 1550 debere
361 1513 516 1551 divitem
537 1526 654 1551 unum
674 1513 817 1551 duobus
835 1513 1062 1550 tenuioribus
1081 1511 1308 1562 respondere.
1363 1511 1496 1561 Itaque
1507 1521 1582 1558 bus,
1600 1520 1631 1550 id
1647 1529 1696 1550 ra.

120 1577 149 1613 fi
167 1589 235 1626 pro
252 1589 328 1614 una
354 1576 532 1614 sententia
559 1577 652 1614 stent
679 1575 738 1614 sex
763 1576 910 1620 divites,
938 1581 974 1613 et
1002 1574 1170 1625 quinque
1197 1587 1399 1626 pauperes;
1428 1587 1498 1625 pro
1508 1563 1709 1639 32:353*

118 1640 237 1680 altera
264 1648 424 1692 quatuor
449 1641 581 1680 divites
608 1648 645 1679 et
671 1640 883 1692 quindecim
910 1653 1114 1691 pauperes;
1143 1640 1325 1690 potiorem
1345 1638 1412 1676 effe
1429 1640 1498 1676 ho·

124 1719 209 1743 turn
227 1706 458 1744 sententiam.
512 1706 628 1744 Ratio
654 1707 703 1744 est
730 1707 820 1756 quia
845 1713 1006 1756 quatuor
1021 1705 1154 1742 divites
1172 1705 1257 1743 οᾶο
1274 1705 1499 1756 pauperibus

126 1770 445 1822 respondam-qui
462 1770 488 1808 fi
507 1784 594 1809 cum
622 1771 706 1809 aliis
733 1771 945 1822 quindecim
970 1770 1192 1822 pauperibus
1210 1768 1501 1820 conjungantur,

124 1835 265 1874 facient
294 1836 430 1886 viginti
458 1846 544 1881 treS,
571 1849 657 1874 cum
690 1837 840 1874 interim
868 1836 1001 1887 prioris
1028 1835 1217 1873 sententiae
1235 1834 1401 1872 au6tores
1420 1834 1499 1886 sep-

127 1901 326 1939 temdecim
344 1907 492 1938 tantum
512 1901 664 1939 faciant.
719 1901 808 1939 Uno
825 1901 962 1938 scilicet
979 1900 1094 1938 divite
1112 1914 1179 1951 pro
1195 1901 1340 1937 duobus
1358 1913 1498 1951 paupe-

123 1965 231 2006 ribus
249 1972 454 2004 numerato.
510 1967 560 2004 Et
587 1967 656 2003 hoc
681 1966 831 2016 quidem
861 1967 972 2004 modo
996 1965 1207 2003 communis
1234 1964 1414 2003 sententia
1442 1966 1499 2003 lo-

124 2043 211 2068 cum
232 2032 355 2076 habet,
375 2030 484 2080 Qod
498 2031 617 2079 majori
628 2032 726 2083 parti
743 2031 855 2082 visum
875 2033 933 2081 ψ,
952 2030 992 2068 id
1001 2032 1139 2080 statum
1165 2039 1347 2082 ratumque
1361 2031 1422 2083 ff
1439 2030 1500 2068 de-

126 2096 212 2135 bere.
267 2096 381 2134 Quod
398 2097 424 2133 fi
442 2109 546 2147 pares
564 2096 740 2146 utrinque
758 2096 897 2133 fuerint
914 2096 1120 2146 opiniones,
1149 2096 1187 2132 id
1213 2095 1364 2146 quidem
1394 2109 1499 2133 com-

124 2174 238 2199 mune
255 2160 321 2198 effe
339 2161 393 2198 ait
409 2161 582 2198 omnibus
600 2159 898 2212 Rebuspublicis,
917 2174 992 2197 non
1012 2160 1078 2197 soli
1101 2159 1351 2198 Democratiae
1367 2176 1376 2198 :
1406 2166 1499 2199 tunc

123 2239 211 2277 ergo
239 2226 376 2277 inquit,
404 2225 424 2266 ἢ
451 2228 709 2277 ἀποκληρωτέον,
738 2235 803 2263 aut
814 2224 971 2277 sortibus
996 2224 1165 2276 agendum
1191 2226 1279 2273 crit,
1309 2225 1331 2267 ἢ
1356 2226 1445 2265 ἄλλο’
1462 2242 1498 2265 τι

125 2294 280 2331 τοιοῦτον
298 2293 461 2337 ποιητέον,
481 2299 544 2328 aut
562 2288 662 2328 aliud
673 2289 760 2343 quid
773 2289 1065 2341 talesaciendum.

626 2397 692 2437 Ad
708 2398 794 2451 Cap.
813 2407 988 2451 quartum.

177 2486 238 2524 Ex
267 2491 429 2536 quatuor
459 2485 709 2524 Democratiae
741 2486 949 2536 generibus,
981 2485 1091 2537 supra
1126 2485 1338 2538 explicatis,
1370 2485 1498 2523 statuit
1510 2494 1579 2527 Lib.
1591 2494 1633 2526 iv.
1652 2494 1712 2526 1⁵0ss

125 2550 291 2602 primum
311 2549 377 2587 effe
395 2550 568 2587 omnium
594 2550 797 2601 optimum,
814 2557 852 2588 et
870 2549 1188 2601 antiquiffimum3
1218 2550 1312 2588 illud
1329 2550 1498 2589 videlicet
1509 2539 1557 2613 lg·
1573 2548 1694 2612 ⁰³P·t‘.¹*·

126 2615 228 2665 quod
257 2628 303 2652 ex
334 2614 465 2665 populi
495 2614 670 2652 divifione
703 2614 742 2652 in
773 2615 981 2666 Agricolas,
1011 2615 1259 2653 constituitur.
1313 2616 1498 2667 Populum
1510 2591 1706 2657 ωὲῗίξῃὲ-

126 2679 227 2717 enim
247 2679 287 2717 in
303 2679 463 2717 diversas
481 2686 602 2730 partes
620 2679 750 2725 dividi,
769 2680 948 2730 agricolas
966 2678 1116 2726 scilicet,
1136 2679 1299 2731 opifice3‚
1319 2688 1499 2720 mercato·
1510 2669 1620 2701 cm‘ia'

124 2757 196 2788 ree,
217 2743 369 2790 milites,
385 2743 619 2789 consiliarios,
636 2744 783 2790 divites,
802 2745 1049 2795 magistratus,
1057 2744 1139 2795 jam
1155 2751 1240 2783 ante
1256 2745 1350 2783 libro
1365 2751 1500 2796 quarto

124 2809 311 2847 docuerat.
365 2809 481 2847 Ratio
507 2809 572 2855 est,
599 2809 690 2860 quia
721 2810 909 2860 Agricolae
935 2817 973 2849 et
998 2811 1158 2862 pastores
1181 2824 1263 2850 raro
1282 2811 1328 2849 ad
1345 2811 1502 2851 comitia

125 2873 377 2913 conveniunt:
407 2874 555 2929 malint
578 2874 681 2914 enim
709 2876 815 2914 rebus
842 2874 917 2915 suis
942 2888 1082 2923 vacare,
1101 2890 1217 2930 quam
1235 2877 1309 2917 fine
1323 2876 1385 2931 spe
1402 2890 1502 2917 mer·

789 2953 813 2978 θ
827 2951 855 2987 4
