1904 3308
472 165 553 207 lxvi
827 164 1072 205 SYNOPSIS
1099 165 1423 205 ANALYTICA

267 273 434 322 Legeillu-
477 272 625 309 interim
643 273 805 312 historias
831 274 875 312 de
903 273 1047 324 injuriis
1073 274 1302 324 Principum,
1321 275 1389 311 five
1412 274 1546 324 stupro,
1572 274 1642 311 five
1668 274 1825 312 verberi--¹

266 317 454 389 ssffssfiss
477 336 544 372 bus
569 336 770 383 illatarum,
789 338 951 387 itemque
975 337 1019 374 de
1047 336 1265 387 injuriarum
1293 336 1468 380 vindi-Sta,
1486 343 1523 374 et
1538 338 1584 374 de
1603 343 1715 381 metu,
1732 350 1822 374 con-

268 407 315 430 tu·
477 405 634 450 temptu,
652 400 813 451 plurima
830 403 899 438 hoc
916 401 994 438 loco
1012 407 1136 438 narrat
1152 401 1359 438 Aristoteles
1375 415 1384 438 ε
1415 400 1454 438 in
1478 399 1610 450 quibus
1629 401 1708 437 ideo
1726 400 1822 438 mul-

478 468 559 500 tum
579 476 664 501 eum
681 463 746 501 esse
762 464 987 508 crediderim,
1006 465 1104 514 quod
1131 463 1286 501 historiae
1309 465 1420 514 vulgo
1437 464 1606 504 dicantur
1622 463 1708 501 vitae
1726 462 1823 499 Poli-

477 526 561 564 ticae
579 527 723 577 specula
741 533 777 564 et
795 527 985 577 imaginess
1038 528 1157 565 Addit
1174 528 1286 564 caufis
1307 526 1387 577 jam
1413 527 1533 564 allatis
1551 527 1716 564 interitus
1734 527 1822 564 Mo-

480 588 727 635 nerduinum,
755 591 963 640 φιλοτιμίαν,
992 590 1117 640 gloriae
1143 591 1389 641 appetentiam
1410 607 1420 636 ς
1450 603 1523 640 qua
1549 590 1717 628 nonnulli
1739 590 1825 627 licet

480 654 657 699 rariffimi,
689 660 834 692 aeternae
868 654 979 691 famae
1009 654 1117 704 supra
1152 655 1302 692 modum
1337 654 1567 705 cupidiffimi‚
1603 654 1824 691 Monarchas

478 717 693 754 adoriuntur
725 723 762 754 et
797 717 1033 755 interficiunt.
1087 716 1176 756 Quo
1206 718 1331 755 animo
1361 718 1462 754 fuiffe
1487 718 1622 755 dicitur
1651 718 1823 762 Scaevola,

481 780 562 830 qui,
578 788 620 818 ut
638 786 760 817 narrat
779 780 921 826 Livius,
941 781 1020 818 loco
1046 781 1140 831 regis
1168 781 1366 826 Porsennae,
1393 781 1507 819 scriba
1533 794 1647 818 errore
1673 782 1825 818 obtrun-

268 837 354 910 M³¹¹³
366 838 450 869 Scae·
479 850 577 888 cato,
595 843 844 893 deprehensus,
862 850 898 881 et
924 844 969 880 ad
994 844 1136 893 Regem
1165 844 1354 888 addufius,
1373 844 1445 881 Nec
1460 843 1510 880 ad
1524 853 1669 886 mortem,
1686 843 1823 893 inquit,

270 889 440 954 ἕῑὲξῗῑὲῗω
479 908 587 944 minus
604 908 707 946 animi
723 909 780 957 est,
797 921 899 959 quam
918 907 968 945 ad
982 908 1103 946 caedem
1121 917 1215 945 tuam
1229 924 1242 944 .·
1269 917 1301 945 et
1316 909 1437 956 facere
1463 917 1494 945 et
1513 908 1590 959 pati
1606 908 1733 957 fortia,
1754 908 1823 945 Ro-

478 984 614 1008 manum
639 973 684 1019 4⁵st
698 987 711 1008 .·
739 984 798 1008 nec
813 985 899 1008 unus
917 972 952 1008 in
969 980 1000 1008 te
1016 984 1074 1022 ego
1091 970 1146 1009 hos
1163 972 1287 1008 animos
1307 971 1390 1021 gff
1400 987 1413 1008 :
1441 972 1556 1022 longus
1576 973 1647 1022 pqst
1673 984 1722 1008 mc
1747 971 1824 1008 ordo

477 1034 522 1081 ,ιβ
538 1033 621 1071 idem
633 1034 816 1085 petentium
834 1034 956 1077 ἄεσα-ῖς
983 1047 1022 1072 en
1048 1034 1123 1078 tibi,
1141 1047 1242 1085 quam
1267 1034 1338 1071 vile
1363 1048 1475 1084 corpus
1489 1036 1554 1084 stt,
1579 1035 1619 1071 iis
1648 1035 1706 1086 qui
1723 1048 1821 1084 mag-

475 1111 557 1137 nam
570 1098 715 1147 gloriam
735 1107 868 1149 petunt,
888 1101 955 1137 διε.
1009 1098 1128 1136 Postea
1154 1098 1257 1134 docet
1273 1098 1520 1146 Tyrannidem
1540 1098 1684 1142 destrui,
1702 1098 1756 1135 vel
1776 1099 1823 1135 ab

477 1168 627 1199 externa
642 1161 768 1199 causa:
799 1163 856 1199 Ut
873 1175 959 1199 cum
986 1161 1175 1198 contrariae
1201 1161 1328 1198 formae
1346 1168 1496 1205 certant,
1515 1170 1606 1211 puta
1622 1162 1821 1199 Democra-

479 1225 532 1263 tia
550 1239 634 1263 cum
651 1226 887 1276 Tyrannide:
915 1225 972 1262 vel
999 1226 1045 1262 ab
1073 1222 1225 1269 interna,
1250 1231 1293 1262 ut
1318 1237 1403 1262 cum
1429 1225 1638 1262 dissentiunt
1658 1226 1723 1274 qui
1750 1225 1823 1262 im-

478 1290 572 1340 perii
601 1289 685 1327 sunt
711 1290 921 1340 participes.
973 1288 1108 1326 Causas
1137 1301 1223 1326 vero
1246 1288 1427 1339 principes
1452 1289 1639 1342 eversionis
1666 1289 1822 1326 Monar-

477 1354 572 1391 chiae
601 1353 666 1390 effe
697 1354 837 1397 odium,
871 1357 1142 1402 contemptum,
1172 1353 1277 1391 iram·
1330 1352 1379 1389 Et
1410 1358 1498 1401 quot
1529 1352 1676 1389 tandem
1708 1352 1822 1390 causae

476 1416 561 1454 sunt
588 1418 787 1454 evertendae
815 1416 957 1453 ultimae
990 1415 1224 1466 Oligarchiae,
1254 1421 1291 1452 et
1316 1415 1458 1453 ultimae
1484 1416 1740 1460 Democratiae,
1767 1422 1824 1454 tot

476 1480 544 1519 effe
559 1481 797 1531 Tyrannidis,
817 1493 900 1529 quae
917 1479 1050 1516 scilicet
1069 1492 1112 1515 ex
1138 1479 1211 1516 illis
1236 1479 1433 1528 compofita
1458 1479 1632 1516 videatur.
1687 1479 1761 1516 Sub
1779 1479 1822 1516 fi.-

478 1556 562 1580 nem
582 1543 712 1592 capitis
730 1543 832 1579 docet
851 1554 1005 1591 regnum
1032 1547 1179 1578 externa
1205 1540 1309 1578 causa
1327 1553 1400 1578 non
1419 1541 1563 1577 interire
1582 1541 1761 1591 (intellige
1780 1547 1823 1578 ut

478 1607 698 1658 plurimum,
719 1605 775 1644 vel
794 1606 817 1642 fi
839 1605 882 1642 iis
901 1605 1016 1654 copiis
1035 1603 1248 1642 instructum
1267 1604 1323 1650 fit,
1341 1604 1473 1654 quibus
1490 1605 1646 1641 externis
1664 1606 1823 1645 hostibus

480 1670 628 1716 refistat)
649 1669 706 1707 sed
739 1668 890 1705 internis
919 1668 1072 1705 duabus.
1126 1667 1245 1705 Priore
1273 1666 1436 1716 quidem,
1454 1667 1479 1704 fi
1507 1667 1609 1716 regni
1628 1668 1822 1717 participes

479 1740 516 1771 et
534 1734 691 1771 haeredes
707 1731 932 1776 discordent;
961 1730 1164 1781 posteriore,
1182 1731 1207 1768 fi
1235 1730 1344 1767 iidem
1373 1729 1546 1779 majorem
1575 1743 1687 1780 quam
1706 1730 1824 1768 ferant

480 1797 590 1847 leges,
608 1797 672 1835 fibi
691 1795 902 1848 potestatem
921 1801 1101 1848 arrogent.
1155 1795 1241 1834 Hoc
1266 1793 1366 1832 euim
1393 1793 1457 1840 est,
1482 1794 1688 1844 Tyrannice
1704 1794 1824 1847 domi·-

481 1862 577 1899 nari.

958 1965 1021 2007 Ad
1038 1964 1124 2017 Cap.
1141 1962 1357 2004 undecimum.

533 2050 690 2091 Enarrat
711 2051 832 2091 causas
857 2050 1107 2091 conservandae
1124 2050 1364 2095 Monarchiae,
1380 2055 1457 2088 tarn
1477 2049 1599 2099 Regni
1617 2060 1729 2100 quam
1747 2051 1825 2101 qu-

484 2117 667 2163 rannidi83
712 2129 803 2166 quas
839 2115 1038 2165 generatim
1074 2114 1125 2152 ait
1159 2114 1225 2151 effe
1261 2114 1372 2152 caufis
1407 2112 1574 2150 interitus
1614 2115 1827 2157 contrarias.

482 2181 584 2218 Tum
602 2180 790 2230 specialem
817 2179 960 2218 causam
986 2177 1217 2215 conservandi
1243 2176 1345 2226 regni
1367 2175 1482 2212 afferit
1500 2175 1563 2213 effe
1582 2176 1729 2226 imperii·
1744 2191 1826 2215 mo·—

483 2244 724 2287 demtionem,
743 2249 786 2280 ut
811 2242 945 2280 scilicet
970 2253 1122 2292 regnum
1149 2253 1222 2277 non
1250 2240 1293 2277 fit
1319 2240 1408 2277 adeo
1433 2239 1614 2277 intensum
1632 2247 1667 2277 et
1685 2241 1826 2278 absolu,-

273 2314 449 2353 Terentius.
486 2314 582 2352 tum,
600 2313 637 2345 et
654 2308 700 2344 ab
718 2319 795 2344 uno
810 2305 884 2343 solo
901 2305 1073 2342 omnibus
1092 2303 1208 2341 modis
1234 2304 1448 2354 dependens.
1500 2299 1601 2340 Nam
1620 2304 1674 2340 cui
1691 2305 1827 2341 nimium

290 2362 298 2366 θ’
485 2372 575 2418 licet,
606 2372 636 2410 ci
666 2371 802 2408 nimium
831 2369 909 2407 libet
924 2385 938 2406 .·
969 2366 1153 2420 Sumusque
1179 2380 1285 2406 omnes
1314 2367 1483 2406 deteriores
1509 2366 1638 2405 licentia
1649 2383 1663 2414 i
1691 2375 1727 2405 et
1755 2368 1826 2406 ele-

485 2443 615 2487 ganter
631 2435 773 2474 Ga111ce
789 2434 947 2485 Jacobus
965 2434 1161 2483 Amyotus.

646 2498 750 2548 Celuy
765 2497 890 2548 auquel
904 2510 938 2535 ce
954 2496 1037 2547 qu'il
1051 2504 1144 2540 veut,
1163 2494 1234 2540 loit,

651 2560 735 2600 Wut
751 2561 906 2611 tozfiours
917 2560 998 2610 plus
1016 2571 1078 2611 que
1094 2572 1128 2596 ce
1143 2558 1226 2608 qu'il
1239 2556 1320 2596 doit.

487 2624 614 2663 Tertio
633 2625 738 2676 ponit
765 2626 855 2661 duos
884 2624 1008 2661 modos
1037 2622 1285 2660 conservandae
1311 2620 1543 2672 Tyrannidis,
1562 2620 1668 2671 plane
1685 2626 1826 2659 eontra-

277 2702 458 2735 Saevmaest
487 2690 572 2734 rios,
590 2689 780 2734 saevitiam,
807 2694 844 2725 et
870 2686 1114 2724 clementiam.
1168 2685 1355 2723 Saevitiam
1386 2686 1533 2735 quidem
1562 2685 1765 2736 praestantes
1793 2693 1829 2722 et

275 2747 477 2820 Ξῐὲἓῗοὲῃηῗὲῃ
486 2756 672 2808 generosos
690 2756 786 2797 viras
803 2755 961 2796 tollendo
973 2770 987 2802 ς
1014 2753 1195 2799 convivia,
1223 2753 1441 2798 sodalitates,
1465 2751 1709 2804 disciplinam,
1727 2751 1828 2790 scho-
