1904 3308
469 180 559 219 lxxx
838 182 1081 223 SYNOPSIS
1107 184 1431 225 ANALYTICA

467 289 656 334 timatum,
674 289 719 327 de
745 303 820 340 quo
847 287 1014 338 ibidem.)
1068 292 1204 330 Statuit
1230 292 1363 343 primo,
1381 294 1412 331 ei
1434 294 1499 344 qui
1516 293 1560 332 de
1576 293 1718 344 optima
1738 293 1813 332 Re-

467 352 616 402 publica
631 352 778 390 aeturus
795 354 856 398 est,
875 360 957 392 ante
982 356 1108 392 omnia
1125 356 1318 393 dicendum
1337 357 1402 394 effe
1420 358 1464 394 de
1482 358 1558 395 vita
1577 359 1679 395 beata
1695 364 1730 395 et
1748 371 1814 408 op-

466 416 573 461 tima,
593 417 660 454 five
678 431 760 467 quae
777 418 945 455 omnium
965 418 1124 456 maxime
1151 420 1193 456 fit
1220 421 1443 470 expetenda:
1475 421 1562 470 quia
1589 434 1719 471 nempe
1746 421 1812 470 qui

464 479 608 529 optima
634 481 837 530 Republica
863 487 1028 524 utuntur,
1046 482 1185 532 optime
1210 482 1322 520 etiam
1348 484 1492 527 vivunt,
1510 497 1625 534 neque
1644 487 1721 522 haee
1736 486 1811 521 duo

464 541 628 593 disjungi
655 545 784 580 debent
812 551 875 581 aut
905 544 1061 594 possunt,
1095 546 1171 582 vita
1202 547 1319 590 beata,
1345 552 1382 582 et
1412 547 1554 596 optima
1579 548 1810 597 Respublica.

465 607 642 652 Secundo,
670 607 842 657 supponit
868 620 913 644 ex
945 608 1009 644 lib.
1029 608 1055 645 i.
1084 609 1246 646 Ethicor.
1275 610 1371 646 bona
1397 609 1566 654 fortunae,
1584 611 1755 660 corporis,
1775 617 1812 648 et

465 670 581 707 animi
602 671 646 707 ad
664 672 809 707 beatam
834 670 948 707 vitam
968 671 1033 708 effe
1053 671 1240 709 necessaria
1257 687 1266 710 ε
1296 685 1452 722 eumque
1471 674 1619 710 beatum
1639 686 1712 710 non
1731 674 1809 718 effe,

466 746 531 770 nec
549 734 634 777 dici,
653 734 718 783 qui
745 733 891 771 virtutis
918 735 960 770 fit
986 748 1124 785 expers,
1143 737 1207 785 qui
1235 736 1364 774 timeat
1390 741 1676 789 σαξιιπετομέιοις
1695 740 1810 786 μυίας,

464 797 645 835 volitantes
670 796 808 848 muscas,
827 804 890 835 aut
917 800 981 849 qui
1009 801 1051 837 fit
1078 792 1575 852 intemperansjimprudens,
1596 815 1731 845 excorS,
1749 802 1808 839 in-

465 861 597 903 sanus;
625 861 682 899 sed
710 862 776 911 qui
806 862 927 912 potius
961 864 1149 901 contrariis
1180 865 1375 903 virtutibus
1411 866 1453 903 fit
1487 866 1672 916 praeditus.
1726 865 1810 902 Imo

220 974 225 980 .
257 924 322 957 Oui
341 926 455 974 vjrtute
465 937 548 963 vero
574 924 768 962 beatiorem
799 924 865 962 effe
891 938 990 971 eum,
1022 927 1087 976 qui
1115 927 1248 965 virtute
1277 929 1394 978 magis
1422 929 1582 972 excellat,
1601 941 1711 978 quam
1740 928 1805 977 qui

254 967 442 1041 ἱξὲξίιὲῗόἢ.
465 988 546 1025 aliis
563 989 720 1025 abundet
745 988 873 1025 bonis:
903 1002 988 1026 cum
1016 990 1131 1027 virtus
1150 992 1190 1028 fit
1209 990 1350 1028 affeetio
1377 992 1505 1029 animi.
1559 992 1722 1029 Animus
1740 1004 1805 1028 au-

465 1058 539 1088 tem
558 1059 594 1088 et
611 1051 768 1088 fortunae
786 1057 822 1088 et
839 1052 998 1101 corporis
1025 1053 1128 1090 bonis
1155 1054 1262 1104 longe
1278 1055 1320 1092 fit
1338 1055 1576 1105 praestantior,
1597 1054 1654 1093 καὶ
1673 1058 1803 1100 ἁπλῶς,

465 1114 524 1152 καὶ
542 1116 631 1162 ἦμῒι,
650 1114 687 1151 id
704 1115 767 1158 est,
784 1123 816 1151 et
818 1115 1026 1166 simpliciter,
1044 1117 1132 1166 quia
1150 1117 1198 1154 est
1213 1117 1436 1167 perfeetioris
1454 1127 1616 1163 naturae3
1646 1128 1678 1154 et
1695 1117 1808 1168 quoad

463 1192 534 1222 nos,
550 1179 620 1215 five
638 1178 799 1228 respectu
818 1178 939 1223 nostri,
967 1179 1054 1228 quia
1080 1180 1172 1217 nihil
1200 1182 1374 1218 habemus
1401 1181 1643 1224 excellentius,
1663 1181 1806 1225 melius,

463 1239 606 1286 utilius,
626 1242 764 1284 animo,
784 1242 854 1278 fine
873 1255 946 1292 quo
965 1242 1057 1280 reete
1075 1243 1284 1293 utiliterque
1302 1244 1382 1281 aliis
1400 1244 1504 1281 bonis
1522 1244 1577 1281 uti
1596 1257 1668 1281 non
1688 1243 1806 1294 pofl'u-

465 1318 559 1343 mus,
611 1306 706 1343 Item
734 1305 821 1355 quia
847 1305 963 1343 animi
990 1307 1108 1356 gratia
1133 1314 1261 1344 caetera
1279 1309 1372 1344 bona
1390 1314 1617 1358 expetantur.
1668 1307 1806 1350 Tertio,

463 1369 607 1419 colligit
637 1375 782 1406 tantum
812 1368 997 1406 felicitatis
1023 1369 1089 1406 effe
1115 1370 1152 1407 in
1180 1384 1401 1421 unoquoque
1425 1371 1599 1415 nostrum,
1624 1378 1804 1420 quantum

464 1433 552 1471 inest
582 1432 729 1470 virtutis
755 1439 791 1469 et
818 1432 1034 1482 prudentiae,
1060 1433 1317 1484 actionumque
1346 1434 1428 1484 ipsis
1453 1434 1773 1471 consentanearum
1793 1450 1804 1480 ς

463 1511 538 1535 non
556 1503 676 1534 autem
697 1503 878 1547 quantum
907 1496 994 1534 inest
1019 1497 1242 1541 divitiarum,
1258 1497 1456 1535 aliorumve
1482 1499 1658 1535 bonorum
1688 1503 1806 1536 exter-

255 1567 343 1600 Deus
357 1577 410 1609 per
425 1568 607 1599 senorum.
662 1561 774 1598 Quod
803 1561 932 1610 probat
957 1561 1028 1598 Dei
1056 1562 1235 1611 exemp10‚
1264 1575 1373 1612 quem
1401 1562 1453 1599 ait
1480 1575 1552 1599 non
1581 1562 1627 1598 ob
1656 1567 1803 1598 externa

254 1611 364 1652 ”²¹²⁵
379 1611 432 1642 ‘st‘
463 1626 571 1670 bona,
593 1622 650 1662 sed
669 1636 733 1674 per
750 1622 782 1660 se
808 1629 847 1660 et
871 1629 1000 1660 natura
1027 1623 1096 1668 sua,
1115 1624 1180 1677 effe
1206 1625 1368 1663 beatum.
1423 1625 1582 1669 Quarto,
1601 1624 1724 1661 statuit
1743 1624 1803 1660 iis-

462 1691 546 1727 dem
573 1688 787 1732 rationibus,
809 1687 939 1735 quibus
965 1686 1133 1724 effrenum
1162 1689 1223 1730 est,
1240 1689 1354 1726 vitam
1382 1689 1523 1725 beatam
1551 1689 1804 1738 optimamque

463 1753 699 1803 fingulorum,
730 1751 767 1788 in
799 1750 944 1787 virtutis
972 1757 1007 1787 et
1035 1751 1237 1801 prudentiae
1263 1752 1404 1789 afflone
1426 1751 1620 1796 consistere,
1637 1750 1804 1788 concludi

461 1818 574 1855 etiam
594 1815 688 1866 poffe
704 1814 862 1852 civitatis
882 1814 940 1851 seu
960 1814 1185 1864 Reipublicae
1203 1815 1385 1865 optimam
1404 1814 1561 1852 formam
1580 1814 1618 1851 in
1634 1814 1805 1851 exercitio

462 1881 609 1918 virtutis
626 1879 692 1917 effe
710 1879 861 1929 positam
878 1893 887 1915 :
918 1878 970 1915 ita
994 1885 1037 1916 ut
1064 1891 1106 1916 ea
1126 1879 1169 1916 fit
1195 1878 1392 1916 beatiffima
1408 1879 1621 1929 optimaque
1638 1877 1806 1928 Respub-

462 1944 546 1989 lica,
565 1957 650 1994 quae
666 1943 807 1993 optime
824 1948 910 1992 agat
924 1948 963 1979 et
979 1955 1023 1979 ex
1041 1942 1176 1980 virtute
1191 1958 1202 1987 3
1231 1955 1348 1992 neque
1373 1943 1462 1986 vita,
1488 1942 1651 1985 virtutes,
1670 1947 1706 1978 et
1722 1941 1804 1978 feli-

462 2010 553 2047 citas
583 2007 821 2058 fingulomm,
848 2006 930 2044 aliae
961 2006 1030 2042 fint
1059 2018 1081 2044 a
1111 2006 1201 2050 vita,
1221 2006 1416 2043 virtutibus
1442 2011 1478 2042 et
1503 2005 1673 2042 felicitate
1703 2016 1803 2042 com-

462 2073 568 2110 muni
599 2069 843 2121 Reipublicae,
870 2070 939 2107 five
966 2069 1078 2107 totius
1104 2069 1276 2107 civitatis.
1329 2069 1406 2107 Ubi
1431 2076 1554 2106 tamen
1580 2082 1660 2106 eam
1687 2068 1802 2105 vitam

461 2137 646 2180 defiderat,
666 2148 750 2184 quae
775 2132 971 2183 conjuncta
998 2134 1039 2170 fit
1066 2133 1140 2181 μετ’
1167 2136 1284 2186 ignit}
1309 2138 1590 2186 κεχοςηγημὲνηςς
1618 2146 1702 2169 cum
1729 2132 1803 2168 vir·

462 2209 555 2246 tute,
573 2199 675 2237 bonis
691 2199 772 2236 aliis
789 2198 957 2242 externis,
971 2196 1106 2235 scilicet
1121 2205 1156 2234 et
1173 2197 1364 2248 corporeis,
1378 2196 1602 2234 mediocriter
1619 2195 1803 2234 instructa.

947 2302 1010 2341 Ad
1027 2303 1112 2354 Cap.
1120 2301 1317 2352 fhcundum.

513 2393 649 2433 Statuit
670 2392 707 2429 in
726 2405 768 2428 eo
784 2389 982 2429 consentire
1009 2402 1133 2426 omnes
1161 2388 1340 2431 Politicos,
1357 2393 1400 2424 ut
1428 2386 1551 2424 dicant
1579 2384 1803 2435 Reipublicae

460 2458 648 2496 summum
675 2457 812 2493 bonum
841 2454 879 2491 in
905 2454 1029 2491 eadem
1058 2465 1094 2489 re
1119 2451 1184 2489 effe
1212 2452 1381 2502 positum,
1401 2451 1438 2487 in
1467 2463 1540 2499 qua
1557 2450 1598 2485 fit
1617 2448 1802 2485 summum
1854 2489 1861 2493 „

459 2521 615 2564 bonum,
634 2520 702 2556 five
731 2518 884 2556 felicitas
910 2516 1131 2566 fingulorum
1160 2515 1365 2552 hominum.
1419 2514 1477 2550 Sic
1502 2513 1566 2562 qni
1593 2512 1803 2549 felicitatem

461 2584 685 2634 {iugulorum
712 2586 894 2632 reponunt
919 2581 958 2617 in
984 2579 1138 2623 divitiis,
1158 2578 1297 2616 eosdem
1326 2577 1604 2626 Rempublicam
1624 2588 1704 2612 eam
1722 2575 1803 2611 bea-

460 2647 631 2687 tiffimam
658 2645 786 2690 facere,
805 2658 887 2695 quae
913 2643 1052 2681 divitiis
1078 2643 1248 2679 abundet.
1303 2641 1381 2678 Qui
1409 2641 1446 2677 in
1473 2639 1663 2689 tyrannico
1685 2637 1805 2675 domi-

461 2718 567 2756 natu,
586 2717 622 2748 et
640 2708 810 2759 ampliori
830 2707 1029 2759 potestate3
1060 2706 1141 2743 Qui
1167 2706 1206 2742 in
1233 2704 1392 2750 virtute3
1420 2703 1500 2753 pari
1527 2703 1648 2739 modo.
1702 2702 1803 2739 Tum

461 2775 635 2827 proponit
654 2772 867 2824 quaestiones
884 2771 987 2810 duas.
1031 2770 1132 2808 Prior
1147 2769 1196 2807 est
1213 2769 1258 2806 de
1273 2768 1349 2806 vita
1367 2767 1519 2805 Politica
1535 2767 1606 2804 five
1620 2765 1752 2809 θῶν-ι,
1770 2771 1806 2802 et
