1904 3308
258 324 394 356 mallum

258 368 384 398 Aristot.
401 366 456 397 lib.

261 410 283 440 i.
296 416 327 439 et
340 410 370 438 ii.
385 418 412 438 c.
429 419 455 439 1.

258 452 297 480 de
312 451 448 489 partibus

259 492 389 522 animal.
406 499 437 522 et

259 534 312 563 lib.
330 536 349 564 i.
367 543 395 564 c.
415 544 441 565 1.

257 577 296 606 de
313 577 427 607 Hister.

257 618 387 649 animal.

257 952 402 993 Liturgiae

256 1005 339 1035 quae.

255 1077 361 1116 copiis
377 1077 429 1107 de-

256 1120 455 1150 servientem.

257 1269 342 1299 Quid
358 1274 415 1299 λιι-

257 1311 389 1353 πνςγῖι.

250 1978 367 2010 Plebeii
382 1988 432 2010 or-

252 2023 341 2053 dines
355 2021 419 2053 sex.

251 2114 420 2147 Nobilium

252 2158 375 2189 ordines

250 2207 395 2240 quatuor.

253 2490 376 2521 Genera
388 2490 450 2522 De-

253 2534 424 2565 mocratiae.

465 214 570 253 xlviii
847 215 1090 256 SYNOPSIS
1118 216 1439 258 ANALYTICA

468 322 594 359 rietate
624 330 660 361 et
690 324 889 376 multiplici
925 325 1181 376 conjunctione
1216 326 1443 364 dividuntur.
1498 328 1699 377 Comparat
1733 334 1818 364 vero

467 385 619 424 Aristot.
638 387 710 425 alio
729 388 819 432 loco,
838 397 881 427 ut
898 403 977 439 cap.
999 402 1056 427 10.
1078 389 1141 427 lib.
1161 391 1205 427 de
1223 403 1359 427 comm.
1380 397 1483 427 motu
1510 390 1662 427 animal.
1679 389 1817 427 animal

467 461 553 486 cum
572 448 732 490 civitate.
787 452 843 489 Ibi
860 453 958 490 enirn
979 453 1028 490 ait
1047 453 1184 490 animal
1206 453 1283 496 effe,
1303 455 1396 491 πόλιν
1424 455 1661 502 εὐνομουμένην,
1690 452 1816 489 σι’-υἱέα4

467 520 530 548 tem
563 510 654 550 bonis
687 513 816 564 legibus
847 516 1067 564 constitutam.
1120 516 1247 553 Tertio
1279 516 1438 553 civitatis
1470 517 1586 566 partes
1617 521 1820 559 enumerat,

468 589 559 625 quas
577 576 659 614 06ὶο
678 578 737 615 hic
757 578 905 629 quidem
934 577 1035 623 facit,
1065 578 1156 617 libro
1185 587 1305 617 autem
1334 580 1487 630 septimo
1506 580 1577 618 sex.
1633 581 1753 618 Prima
1770 577 1818 616 est

467 640 724 690 agricolarum,
743 656 828 692 quae
848 657 930 692 pars
950 643 1123 681 alimenta
1144 651 1246 693 parat
1263 659 1272 681 :
1303 644 1466 682 Secunda
1486 642 1674 694 opificum.
1727 645 1818 681 Ter-

466 703 518 740 tia
539 712 792 750 mercatorum,
813 707 882 742 sive
910 706 1207 745 tabernariorum.
1264 707 1408 744 Quarta
1435 708 1753 750 mercenariorum,
1773 713 1816 744 ut

466 765 686 815 bajulorum.
741 768 888 806 Quinta
920 770 1095 808 militum.
1150 770 1256 807 Sexta
1283 768 1465 819 judicum,
1496 771 1559 821 qui
1589 770 1655 821 jus
1683 771 1815 820 cuique

467 831 635 875 reddunt,
658 845 740 880 quae
769 845 851 881 pars
881 832 929 869 est
958 834 1070 870 veluti
1100 834 1223 870 anima
1248 834 1485 884 Reipublicae.
1541 835 1703 884 Septima
1721 835 1814 871 divi-

468 898 562 936 tum,
584 894 649 942 qui
669 895 765 943 apud
785 895 929 932 Graecos
956 896 1026 932 suis
1054 895 1258 945 sumptibus
1285 910 1394 933 onera
1421 910 1644 945 muneraque
1672 897 1816 946 publica

466 956 652 1003 gerebant,
674 970 764 1005 quos
795 956 961 1007 sumptus
991 960 1166 995 vocabant
1193 962 1410 1011 λειτουξγῖας,
1435 959 1583 1009 ideoque
1612 960 1707 996 hanc
1733 972 1813 1008 par·-

467 1024 542 1054 tem
569 1028 671 1055 vocat
700 1021 766 1057 hoc
793 1020 872 1057 loco
891 1021 1043 1061 Aristot.
1070 1023 1107 1059 τὸ
1134 1027 1211 1066 ταῖς
1238 1025 1366 1066 οὐσίαις
1391 1028 1617 1075 λειτουργοῦν.
1671 1023 1816 1060 octava

468 1083 758 1132 magistratuum,
789 1098 900 1134 quam
929 1092 1069 1135 partem
1100 1094 1217 1130 vocat,
1246 1088 1284 1124 τὸ
1311 1084 1545 1138 δημιουργικὸν,
1566 1086 1622 1124 καὶ
1652 1086 1724 1139 mg)
1753 1087 1819 1129 τὰς

467 1144 580 1196 ἀρχαῖς
611 1151 832 1198 λειτουργοῦν.
888 1148 1027 1198 Aitque
1059 1148 1264 1186 neceffarios
1291 1149 1356 1186 effe
1385 1151 1624 1199 Reipublicae,
1646 1149 1719 1191 τοὺς
1745 1160 1814 1187 λει-

467 1212 685 1261 τουργοῦντας
703 1210 748 1263 τῇ
766 1214 859 1249 πόλει
879 1213 1004 1254 ταύτην
1023 1212 1080 1253 τὴν
1105 1215 1322 1265 λειτουργίαν,
1375 1214 1431 1250 Ex
1451 1227 1525 1263 quo
1543 1214 1621 1250 loco
1641 1207 1815 1262 intelligi·-

466 1279 527 1309 tur
555 1277 765 1325 λυτουξγεῖν,
791 1274 856 1311 effe
886 1275 980 1312 idem
1011 1277 1107 1326 quod
1138 1277 1327 1326 publicum
1357 1290 1490 1314 munus
1516 1278 1625 1314 obire.
1682 1278 1730 1314 Et
1747 1288 1815 1314 λεμ-

465 1338 633 1389 τουςγῖαι,
654 1337 719 1374 effe
738 1338 926 1388 publicum
948 1338 1201 1377 ministerium.
1256 1339 1359 1377 Licet
1380 1340 1609 1377 Eeclefiastici
1628 1339 1814 1390 scriptores

464 1401 683 1437 vocabulum
713 1403 781 1438 hoc
807 1401 980 1453 usurpent
1007 1417 1072 1453 pro
1104 1403 1341 1440 Ecclefiastica
1370 1403 1569 1447 funffione,
1595 1404 1662 1440 five
1689 1404 1815 1440 divino

463 1463 676 1509 ministerio,
695 1479 807 1516 eoque
826 1466 982 1516 publico,
1009 1473 1052 1504 ut
1079 1480 1144 1517 pro
1169 1466 1508 1518 supplicationibus,
1526 1474 1560 1503 et
1580 1467 1690 1504 miffae
1710 1467 1814 1504 sacri-

463 1526 560 1572 ficio,
594 1527 762 1579 sacraque
796 1530 1033 1568 Eucharistia.
1088 1530 1232 1567 Quarto
1263 1529 1489 1581 reprehendit
1522 1531 1720 1573 Platonem,
1750 1530 1814 1579 qui

463 1597 582 1642 partes
601 1591 830 1642 Reipublicae
857 1606 916 1630 eas
944 1601 1088 1631 tantum
1113 1593 1319 1638 constituat,
1339 1608 1422 1644 quae
1441 1595 1484 1631 ad
1504 1593 1587 1630 usus
1608 1593 1814 1631 necessarios

463 1657 710 1705 requiruntur,
728 1671 801 1695 non
821 1658 931 1694 etiam
950 1658 994 1695 ad
1015 1658 1189 1704 liberales,
1207 1666 1242 1696 et
1262 1656 1327 1708 qui
1350 1658 1473 1695 eodem
1503 1658 1582 1695 loco
1609 1666 1736 1708 ponat,
1756 1657 1813 1695 su-

462 1726 569 1763 tores,
589 1733 663 1770 quo
681 1721 857 1770 agricolas
878 1735 885 1757 :
916 1722 980 1771 qui
1000 1722 1146 1758 omittat
1167 1720 1316 1766 milites,
1331 1721 1481 1770 judices,
1497 1721 1728 1765 confiliarios‚
1748 1722 1814 1758 hos

462 1783 612 1832 quidem
637 1784 812 1829 omnino;
843 1784 923 1821 illos
951 1797 1049 1829 vero,
1069 1785 1247 1834 quamdiu
1272 1785 1431 1821 civitatis
1459 1784 1655 1834 imperium
1675 1790 1709 1820 et
1729 1794 1815 1833 ager

462 1859 536 1884 non
557 1846 666 1884 fuerit
684 1848 870 1885 dilatatus.
927 1848 1074 1903 ¹Quinto
1092 1848 1338 1886 Democratiae
1362 1861 1492 1898 genera
1519 1848 1677 1897 explicat
1695 1847 1814 1884 divisis

463 1911 584 1960 primo
601 1911 741 1948 civibus
762 1912 800 1949 in
821 1912 909 1948 duas
927 1911 1088 1949 summas
1114 1920 1247 1962 partes,
1267 1913 1409 1962 plebem
1439 1911 1572 1949 scilicet
1598 1919 1634 1948 et
1661 1911 1814 1948 nobiles.

463 1975 512 2012 Et
540 1976 655 2025 plebis
683 1976 832 2025 quidem
852 1975 910 2012 sex
938 1982 1056 2026 partes
1076 1974 1178 2020 facit,
1199 1975 1386 2025 agricolas,
1405 1974 1567 2025 opifices,
1587 1982 1814 2019 mercatores,

461 2039 644 2084 nauticos,
662 2039 916 2083 mercenarios,
935 2046 971 2076 et
988 2039 1130 2083 liberos,
1149 2038 1207 2076 sed
1227 2052 1300 2076 non
1328 2052 1372 2076 ex
1400 2044 1553 2089 utroque
1573 2044 1722 2088 parente
1740 2038 1814 2075 civi

461 2109 578 2142 natos.
631 2103 827 2141 Nobilium
857 2115 939 2140 vero
966 2111 1126 2154 quatuor
1151 2103 1258 2153 ponit
1285 2116 1428 2153 genera,
1448 2116 1492 2139 ex
1509 2099 1648 2140 divitiis
1666 2116 1811 2148 unum;

461 2181 505 2204 ex
525 2166 666 2217 generis
685 2166 908 2216 antiquitate
935 2166 1115 2212 alterurn3
1143 2180 1187 2203 ex
1213 2163 1347 2204 virtute
1372 2167 1547 2212 tertium;
1577 2180 1621 2204 ex
1646 2166 1813 2203 doctrina

463 2236 499 2268 et
516 2230 718 2268 eruditione
739 2237 925 2280 quartum.
980 2230 1145 2268 Primum
1175 2243 1260 2279 ergo
1287 2229 1528 2267 Democratiae
1555 2240 1682 2279 genus,
1703 2228 1812 2268 illud·

463 2309 536 2345 que
555 2295 714 2331 maxime
739 2293 930 2344 proprium
957 2294 1019 2338 est,
1040 2294 1078 2330 in
1107 2307 1180 2343 quo
1206 2307 1332 2331 omnes
1358 2290 1517 2331 civitatis
1546 2294 1674 2331 incolae
1701 2294 1812 2332 etiam

463 2357 640 2409 inquilini
658 2365 693 2396 et
711 2360 860 2396 advenae
888 2358 941 2396 ita
966 2357 1050 2395 sunt
1077 2358 1246 2408 aequales,
1264 2364 1306 2395 ut
1330 2355 1460 2408 finguli
1479 2355 1658 2395 honorum
1678 2365 1714 2395 et
1734 2371 1812 2396 ma-

462 2421 679 2473 gistratuum
697 2423 766 2460 fint
784 2420 994 2472 participes,
1012 2434 1078 2460 nec
1093 2421 1222 2459 divites
1243 2418 1372 2471 majori
1401 2422 1439 2459 in
1463 2421 1580 2472 pretio
1597 2422 1677 2466 fint,
1698 2434 1812 2471 quam

462 2498 650 2538 pauperes.
704 2487 927 2531 Secundum,
944 2486 982 2522 in
1010 2498 1084 2535 quo
1107 2484 1338 2535 magistratus
1365 2481 1472 2530 fiunt,
1491 2482 1560 2523 ἀπὸ
1580 2489 1641 2523 τῶ
1660 2486 1813 2534 τιμημά-

462 2544 537 2594 τὼν,
557 2562 600 2586 ex
619 2549 792 2594 cenfibus,
813 2548 865 2586 ita
884 2552 925 2586 ut
945 2547 984 2585 in
1002 2561 1044 2585 eo
1062 2560 1189 2598 genere
1208 2547 1234 2584 ii
1251 2548 1360 2592 cives,
1379 2546 1444 2598 qui
1464 2560 1538 2584 rem
1564 2560 1637 2585 non
1666 2548 1813 2592 habent,

461 2612 716 2662 magistratum
743 2623 818 2649 non
846 2612 1048 2650 obtineant.
1101 2610 1279 2655 Tertium,
1303 2611 1342 2648 in
1369 2624 1444 2661 quo
1469 2611 1565 2648 cives
1592 2609 1620 2647 ii
1646 2623 1721 2647 rem
1750 2622 1811 2660 ge·

461 2682 560 2720 runt,
580 2677 646 2726 qui
667 2676 750 2714 sunt
769 2674 1003 2723 ἀνυπεύθυνοι,
1030 2675 1067 2713 id
1094 2675 1143 2713 est
1170 2676 1235 2726 qui
1264 2674 1357 2713 nihil
1385 2675 1518 2712 habent
1536 2675 1633 2724 quod
1651 2674 1702 2711 eis
1719 2672 1814 2723 obji-

461 2740 592 2785 ciatur,
611 2747 647 2778 et
666 2754 740 2791 quo
759 2740 1014 2785 excludantur,
1036 2739 1088 2778 ita
1110 2745 1234 2777 tamen
1261 2745 1305 2777 ut
1330 2740 1388 2776 lex
1414 2738 1635 2777 dominetur.
1690 2735 1813 2782 Quar-

462 2810 557 2852 tum,
578 2805 641 2843 ubi
662 2805 834 2843 omnibus
863 2804 1115 2855 magistratum
1143 2802 1305 2888 obtinere
1322 2801 1418 2850 licet,
1435 2801 1636 2843 dummodo
1653 2802 1721 2840 fint
1737 2801 1814 2840 veri
