1916 3282
152 1636 181 1665 w*
197 1635 291 1668 τὸλις.

149 1831 266 1860 Civitas
278 1839 295 1859 e

149 1874 310 1904 domibus.

152 2161 261 2211 Causae
277 2161 324 2192 so·

158 2212 278 2235 cretatis

155 2246 306 2278 POllticae·

371 188 398 225 ii
757 190 999 232 SYNOPSIS
1025 192 1344 247 ANALYTICA

370 311 474 348 pum,
495 298 771 348 imperatorum,
791 314 890 338 nunc
916 301 1086 351 ἔπιστῆμη
1113 302 1171 341 καὶ
1200 301 1336 351 δύναμις
1362 300 1548 347 βασιλικὴ·
1564 302 1730 354 scientie,

370 368 408 398 et
424 361 578 399 facultas
598 364 696 413 regia
710 380 722 410 3
751 378 851 401 nunc
868 378 926 402 ars
947 367 1137 415 regnandi,
1153 379 1251 403 nunc
1269 369 1327 408 τῆς
1346 365 1547 418 ἀνθρωπίνης
1566 371 1727 411 κοινωνίας

370 426 567 471 συνεκτικὸν,
585 423 793 476 *coagulum
826 434 862 464 et
890 441 1003 465 nexus
1030 429 1208 475 societatis
1232 430 1418 474 humanae,
1438 431 1526 468 alias
1557 429 1728 479 ἐπιστήμη

371 494 489 527 πασῶν
519 489 736 534 imo-‘ramniu
763 490 911 527 scientia
940 491 1112 529 direEtrix
1140 499 1366 537 caeterarum,
1387 492 1476 529 alias
1502 493 1617 530 virtus
1644 506 1727 530 om-

370 553 475 589 nium
496 554 741 590 humanarum
762 553 1013 603 perfeetiffima
1039 569 1060 592 a
1088 557 1246 598 Socrate,
1275 557 1532 606 Xenophonte,
1559 554 1724 602 Platone,
1787 584 1788 587 η

368 617 561 654 Plutarcho
580 623 616 654 et
635 618 713 654 aliis
733 618 842 655 fuerit
870 620 1065 669 appellata,
1117 620 1250 670 Neque
1279 621 1316 657 id
1347 621 1496 670 quidem
1525 621 1723 658 immerito.

368 681 430 717 Est
458 682 557 717 enim
588 682 752 733 Rolitica,
781 683 938 719 Scientia
965 684 1157 720 hominum
1188 685 1453 733 regendorum3
1483 685 1537 722 vel
1563 684 1724 723 civitatis

366 744 425 781 seu
454 744 663 794 reipublicae
687 744 783 794 juste
811 745 1060 796 sapienterque
1089 748 1396 792 administrandae,
1425 754 1468 785 ut
1499 748 1664 785 videlicet
1694 747 1722 784 ii

365 808 430 857 qui
461 809 498 844 in
527 810 651 845 eadem
683 810 878 859 republica,
898 810 1057 853 civitate,
1077 818 1140 847 aut
1167 824 1278 860 regno
1305 812 1450 856 vivunt,
1478 824 1603 848 omnes
1630 813 1723 848 bene

363 871 591 921 feliciterque
609 873 766 909 habeant
781 889 790 917 ς
822 873 994 909 virtutem
1015 887 1087 910 non
1105 875 1205 911 domi
1224 881 1370 912 tantum
1389 882 1425 912 et
1442 888 1528 925 erga
1545 874 1639 919 suos,
1657 874 1716 914 sed

364 937 487 986 palam
516 943 551 973 et
578 937 735 986 publice,
755 949 839 985 erga
866 937 1083 986 principem,
1102 938 1335 988 concivesque
1362 938 1441 976 suos
1469 941 1566 976 bono
1592 939 1718 975 animo

362 1007 563 1043 exerceant,
583 999 771 1036 salubriter
787 1000 935 1048 degant,
953 1001 1056 1037 bonis
1074 1002 1230 1038 externis
1250 1015 1323 1039 non
1342 1008 1485 1052 egeant,
1502 1003 1720 1050 summaque

364 1066 510 1101 tandem
541 1077 627 1113 paee
654 1063 855 1113 potiantur.
927 1064 1076 1100 Quibus
1105 1065 1247 1110 officiis,
1278 1072 1313 1102 et
1341 1066 1489 1110 finibus,
1517 1066 1611 1102 nihil
1638 1077 1723 1114 pro-

363 1127 459 1165 see‘to
487 1127 615 1164 melius
636 1140 677 1164 ac
698 1127 925 1176 praestantius
952 1126 1018 1163 effe
1045 1128 1172 1177 potest,
1190 1141 1275 1165 cum
1305 1129 1349 1165 iis
1376 1129 1523 1179 publica
1547 1128 1657 1173 salus,
1683 1133 1721 1165 et

361 1191 516 1228 felicitas
543 1192 655 1228 totius
684 1191 838 1228 humani
867 1191 1008 1240 generis
1036 1191 1277 1229 contineatur.
1332 1193 1455 1229 Habet
1474 1205 1560 1229 vero
1585 1204 1721 1228 nomen

361 1255 528 1300 Politica‚
558 1256 627 1293 ἀπὸ
651 1259 709 1298 τῆς
736 1256 924 1298 ωολιτεῖας,
945 1267 1029 1303 quae
1047 1267 1117 1292 vox
1138 1255 1298 1292 civitatis
1324 1247 1542 1293 ordinemet
1560 1255 1722 1293 admini-

363 1320 571 1357 strationem
613 1318 803 1369 fignificat,
835 1319 933 1364 τάξι»
972 1322 1030 1362 τῆς
1063 1321 1198 1363 πόλεως,
1229 1325 1272 1356 ut
1302 1319 1399 1357 infra
1429 1333 1512 1370 cap.
1545 1319 1584 1358 6.
1617 1325 1652 1357 et
1687 1327 1727 1369 7.

360 1384 424 1421 lib.
448 1383 501 1421 iii.
523 1383 665 1421 Politic.
693 1382 859 1432 loquitur
886 1382 1114 1419 Aristoteles:
1147 1385 1242 1426 πόλις
1260 1383 1359 1420 enim
1378 1383 1508 1420 civitas
1534 1383 1597 1428 est,
1625 1382 1723 1424 unde

361 1449 516 1486 πολιτεία
536 1446 593 1484 καὶ
612 1446 813 1496 πολίτευμα,
832 1445 993 1483 ciVItatis
1011 1446 1241 1495 gubernatio,
1261 1452 1298 1483 et
1322 1448 1471 1491 πολίτης,
1491 1447 1528 1483 id
1547 1446 1596 1483 est
1614 1446 1724 1484 civis.

361 1512 417 1549 Ut
435 1524 520 1561 ergo
541 1511 669 1549 civitas
696 1511 745 1548 est
771 1510 910 1547 civium
938 1510 1073 1552 unitas,
1094 1511 1161 1547 five
1189 1511 1383 1548 hominum
1405 1509 1488 1560 jure
1505 1510 1723 1548 sociaturum

364 1576 565 1613 multitudo
597 1576 663 1612 rite
695 1581 937 1624 congregata;
966 1575 1011 1611 fic
1046 1576 1216 1619 πολιτιῖω,
1243 1575 1301 1612 vel
1330 1575 1542 1624 respublica,
1569 1575 1618 1612 est
1646 1574 1730 1625 ipsa

362 1642 524 1679 civitatis
539 1647 603 1678 aut
617 1641 755 1678 civium
770 1641 962 1684 ordinatio,
976 1641 1044 1689 five
1058 1641 1220 1679 diree'tio.
1251 1641 1478 1690 Quanquam
1493 1641 1623 1677 civitas
1639 1641 1725 1678 Ari·

364 1705 482 1742 stoteli
500 1704 647 1743 societas
665 1705 714 1741 est
733 1704 904 1754 perfecta,
924 1704 1123 1754 multisque
1147 1704 1444 1753 vicissconstans,
1464 1705 1567 1742 omni
1595 1716 1725 1754 genere

362 1771 541 1806 bonorum
574 1769 775 1812 abundans,
808 1774 844 1804 et
877 1769 922 1806 ad
954 1769 1044 1805 bene
1074 1768 1272 1805 vivendum
1306 1768 1472 1805 instituta
1502 1781 1548 1806 ex
1577 1781 1661 1817 cap.
1686 1779 1723 1806 2.

362 1834 426 1870 lib.
443 1833 468 1870 i.
499 1833 605 1871 Polit.
633 1834 682 1871 Et
701 1832 880 1870 societatis
903 1833 1052 1881 quidem
1073 1832 1236 1869 Politicae
1255 1832 1359 1881 origo
1374 1832 1496 1882 prima
1521 1845 1543 1869 a
1571 1831 1728 1870 familiia.

361 1897 422 1940 est,
440 1897 510 1934 sive
535 1897 718 1939 domibus,
744 1909 787 1933 ex
817 1896 950 1946 quibus
978 1895 1111 1932 scilicet
1137 1895 1373 1945 amplificatis
1401 1895 1487 1940 vici,
1510 1900 1548 1932 et
1573 1896 1724 1932 tandem

361 1961 542 2006 civitates,
574 1958 749 2009 urbesque
779 1960 992 1997 extiterunt.
1046 1960 1109 1996 Ad
1135 1960 1339 1997 societatem
1368 1972 1452 1996 vero
1475 1959 1535 1996 seu
1562 1960 1607 1996 ad
1635 1959 1723 1999 vitae

361 2024 661 2063 communionem
679 2023 828 2061 adduffi
854 2023 953 2060 fuere
981 2023 1146 2060 homines
1172 2030 1314 2067 natura,
1332 2022 1548 2072 indigentia,
1567 2030 1602 2060 et
1622 2021 1722 2071 inju-

365 2091 441 2128 riis.
493 2090 639 2127 Natura
661 2089 823 2138 quidem,
843 2088 930 2138 quia
948 2089 1058 2124 homo
1077 2093 1208 2124 natura
1226 2087 1274 2124 est
1293 2087 1430 2125 animal
1459 2087 1665 2137 politicum,
1684 2093 1721 2124 et

363 2155 544 2193 societatis
561 2166 703 2191 amans.
755 2153 976 2202 Indigentia,
996 2152 1085 2202 quia
1111 2165 1184 2188 non
1213 2153 1322 2189 habet
1348 2164 1444 2188 unus
1471 2164 1494 2188 a
1521 2151 1553 2188 se
1579 2151 1719 2194 omnia,

365 2219 423 2256 sed
446 2219 601 2256 aliorum
629 2229 751 2267 opera,
777 2222 866 2260 arte,
894 2224 931 2253 et
957 2215 1095 2253 auxilio
1119 2221 1213 2265 eget.
1268 2214 1432 2264 Injuriis,
1463 2215 1551 2265 quia
1577 2215 1723 2265 po'ffunt

367 2282 533 2319 homines
553 2281 616 2319 alii
636 2282 681 2318 ab
700 2281 782 2318 aliis
809 2280 946 2324 vexari,
966 2284 1043 2316 tam
1064 2280 1110 2316 ab
1127 2279 1298 2324 externis,
1317 2292 1430 2328 quam
1449 2291 1470 2315 a
1488 2279 1692 2316 domesticis
1708 2294 1720 2324 ς

365 2354 402 2386 et
420 2346 512 2397 saepe
530 2346 661 2396 saepius
680 2345 762 2382 lites
781 2351 818 2382 et
834 2344 1081 2381 controverfiae
1101 2343 1271 2380 oriuntur
1288 2358 1296 2380 :
1327 2356 1412 2392 quae
1429 2349 1471 2380 ut
1488 2343 1725 2386 dirimantur,

367 2418 402 2448 et
435 2410 581 2459 injuriae
611 2410 722 2451 etiam
753 2408 999 2458 depellantur,
1029 2420 1122 2457 opus
1153 2406 1236 2444 sane
1266 2406 1314 2443 est
1347 2407 1438 2456 lege,
1467 2419 1562 2456 rege,
1583 2405 1722 2456 judice,

368 2475 580 2524 magistratu
598 2474 789 2524 prudente,
803 2471 900 2522 justo
918 2478 954 2508 et
972 2478 1133 2522 potente,
1150 2469 1254 2520 cujus
1276 2468 1418 2519 judicio
1443 2478 1480 2506 et
1507 2468 1725 2507 auetoritate'

368 2539 535 2576 homines
565 2539 822 2587 gubernentur.
848 2541 849 2544 ’
879 2535 980 2572 Hine
1011 2535 1126 2586 igitur
1156 2533 1298 2578 civitas,
1332 2535 1418 2570 hinc
1449 2533 1612 2577 Politica‚
1640 2546 1724 2582 quae

369 2603 517 2640 scientia
546 2602 594 2639 est
627 2601 820 2638 hominum
852 2599 1048 2649 prudenter
1083 2604 1120 2635 et
1146 2595 1241 2647 juste
1269 2597 1523 2646 regendorum,
1551 2602 1588 2633 et
1619 2594 1724 2645 cujus

372 2665 456 2703 finis
474 2665 523 2702 est
541 2666 699 2713 Εὐνομία,
726 2663 944 2713 publicaque
970 2661 1164 2699 hominum
1190 2660 1359 2698 omnium
1388 2659 1586 2702 beatitudo,
1614 2666 1726 2708 atque

369 2730 460 2768 adeo
486 2730 662 2766 bonorum
689 2725 1093 2775 omniumlmaximum
1111 2730 1149 2762 et
1167 2722 1477 2763 absolutiffimum.
1531 2723 1625 2760 Haec
1649 2722 1727 2761 vice

356 2819 365 2823 ·-
374 2792 565 2844 prooemii..
