1904 3308
347 136 732 179 POLITICORUM
757 134 1123 177 ARISTOTELIS.
1151 135 1226 173 111.
1259 146 1321 183 13.
1409 132 1528 171 xxxi'x

140 251 261 291 -stratu
279 251 348 289 uni
366 250 477 288 alicui
497 247 802 301 praestantiffimo,
821 253 887 286 aut
914 246 1044 299 paucis
1070 246 1188 285 etiam
1209 244 1537 291 excellentiffimis,j

0 358 4 372 Ι
142 316 208 364 -seu
234 316 383 361 virtute,
402 316 463 354 seu
492 315 649 363 divitiis,
668 313 730 352 seu
757 313 928 364 potentia
956 317 994 350 et
1023 311 1149 350 favore
1175 311 1292 355 civili,
1318 310 1527 349 deferendo.

0 382 3 428 ἔ
145 384 208 420 An
225 381 394 420 videlicet
414 382 438 419 fi
458 394 555 419 unus
575 379 735 426 Heroice
752 378 934 416 excellens
961 383 999 416 et
1029 376 1220 427 insigniter
1237 377 1356 413 bonus
1376 375 1415 413 in
1434 375 1528 413 civi·
1538 381 1594 411 An
1610 380 1667 411 uni

0 431 3 445 ἲ
147 453 225 485 tate
243 447 455 498 reperiatur,
474 446 508 484 ei
536 443 736 496 imperium
765 444 804 481 in
833 444 930 481 cives
960 441 1051 480 alios
1078 442 1122 479 fit
1148 441 1420 478 tribuendum?
1450 423 1737 498 Re·fi{1‘,³g¹¹t‘{{{⁸is'

147 511 299 564 spondet
319 511 557 559 affirmative,
597 510 748 548 Par-ibus
768 508 869 547 enim
889 508 994 560 paria
1010 507 1208 546 tribuenda
1225 506 1326 552 sunt,
1345 519 1434 557 ergo
1453 508 1525 545 irn-
1537 510 1708 560 buendum

146 578 297 629 paribus
317 577 487 628 imparia.
544 575 667 626 Atqui
686 574 774 612 huic
799 574 864 612 uni
892 573 1024 619 Heroi,
1043 573 1068 610 fi
1089 572 1174 624 quis
1193 572 1255 616 est,
1271 572 1413 610 civium
1432 572 1526 610 alio·
1538 563 1724 596 “npenum'

146 655 231 681 rum
252 655 363 680 nemo
385 654 454 692 par
479 640 543 686 est,
563 653 650 677 cum
672 640 714 677 fit
733 639 833 690 quasi
860 639 965 677 Deus
994 638 1092 676 inter
1119 637 1314 683 homines;
1345 650 1421 675 non
1441 637 1526 676 sunt

142 719 231 759 ergo
247 706 353 757 paria
371 705 487 743 Heroi
506 710 543 741 et
562 703 705 741 civibus
728 702 934 741 tribuenda.
988 703 1119 752 Atque
1144 701 1233 739 adeo
1261 699 1394 752 injuste
1412 708 1527 753 agent

142 772 253 823 cives,
271 772 296 808 fi
314 783 441 821 parem
461 769 578 819 Heroi
595 770 771 806 honorem
792 767 975 811 ambiant,
991 773 1029 804 et
1049 767 1250 817 imperium
1270 780 1358 805 cum
1378 766 1443 804 illo
1462 780 1526 805 ve-

139 836 212 885 lint
239 835 411 873 dividere.
467 835 559 872 Non
589 833 688 871 secus
717 846 760 871 ac
790 834 815 870 fi
845 846 931 870 cum
955 833 1047 883 Jove
1075 832 1143 870 Dii
1169 832 1370 884 imperium
1390 833 1526 870 mundi

138 900 277 952 partiri*
295 906 484 951 cuperent.
541 899 716 936 Praeterea
745 898 783 935 in
809 899 971 936 Heroem
1002 897 1112 935 illum
1140 897 1238 947 leges
1268 896 1363 935 ferre
1386 897 1525 936 ridicu-

140 967 221 1019 lum
240 983 251 1015 ς
282 965 559 1017 φιίιίῐιίίἕιῐιίῒετ
573 965 618 1002 fit
637 964 816 1015 optimus,
835 970 872 1001 et
891 962 967 1014 ipse
994 963 1121 1013 potius
1140 963 1182 1001 fit
1201 963 1272 1000 lex.
1329 962 1408 1001 Hic
1432 963 1530 1009 citat.⁴

138 1031 355 1071 Aristoteles
386 1030 588 1082 apologum
622 1029 880 1067 Antisthenis:
916 1028 1065 1066 Suafiffe
1099 1028 1206 1073 olim,
1241 1029 1333 1066 dum
1369 1028 1526 1067 comitia

139 1098 238 1135 inter
255 1097 385 1134 bestias
405 1095 688 1140 celebrarentur,
707 1095 860 1146 lepores,
878 1100 922 1131 ut
941 1094 1119 1131 omnibus
1146 1107 1192 1131 ex
1219 1107 1329 1144 aequo
1349 1094 1522 1132 animan-

142 1162 243 1199 tibus
263 1174 368 1212 pares
396 1161 531 1211 praedae
558 1159 618 1196 seu
647 1165 814 1210 capturae
841 1165 964 1210 partes
991 1158 1269 1196 dividerentur:
1299 1159 1356 1196 At
1379 1159 1523 1198 Leones

139 1225 367 1278 respondiffe,
399 1225 542 1263 Debere
571 1225 676 1275 prius
702 1224 843 1275 lepores
870 1224 1011 1269 docere,
1040 1235 1145 1274 pares
1173 1236 1323 1273 quoque
1346 1223 1521 1261 omnium

139 1291 392 1330 animantium
419 1291 514 1328 vires
542 1296 579 1327 et
607 1290 717 1327 robur
743 1288 848 1327 fuisse
878 1289 916 1326 in
943 1289 1125 1339 capienda
1143 1289 1281 1340 praeda.
1338 1289 1408 1327 Sed
1428 1289 1522 1327 forte

135 1355 482 1410 cumtargumentis
510 1367 616 1405 agere
645 1354 787 1392 nollent
814 1354 968 1398 Leones,
994 1359 1158 1403 arreptos
1185 1353 1325 1403 lepores
1354 1353 1402 1391 fic
1429 1366 1520 1391 con-

135 1421 598 1473 cionantes-devorarunt3
629 1425 671 1456 ut
699 1419 787 1456 hinc
813 1419 943 1456 doceat
966 1417 1196 1463 Aristoteles,
1215 1417 1307 1456 Non
1334 1418 1402 1456 effe
1429 1431 1517 1457 cum
1530 1422 1607 1454 Non
1620 1424 1664 1455 est

135 1485 403 1538 potentioribus
432 1492 469 1522 et
497 1483 685 1522 Heroibus
701 1483 935 1529 certandum,
955 1490 1021 1520 aut
1039 1496 1126 1520 cum
1147 1483 1192 1520 iis
1210 1483 1317 1533 paria
1335 1483 1516 1524 facienda.
1530 1476 1610 1541 ἓξὲξ
1625 1473 1739 1542 {pstea-

136 1538 310 1591 Annotat
342 1557 467 1590 tamen
494 1549 598 1587 illam
628 1548 778 1586 virtutis
807 1548 863 1586 vel
893 1548 1071 1598 potentiae
1097 1548 1218 1585 civilis
1244 1548 1517 1596 excellentiam,
1529 1530 1692 1587 tandum.-

136 1616 341 1668 suspectam
361 1614 596 1666 odiosamque
616 1613 720 1651 fuiffe
736 1613 950 1651 civitatibus
965 1629 977 1660 3
1006 1628 1026 1650 e
1050 1627 1126 1664 qua
1145 1613 1280 1652 scilicet
1308 1614 1517 1653 immutan-

134 1683 194 1730 dae
210 1681 444 1733 Reipublicae
462 1680 669 1731 periculum
695 1680 918 1727 immineat;
948 1687 1061 1730 atque
1089 1681 1178 1718 hinc
1202 1681 1256 1719 τὸν
1275 1682 1518 1733 ὀστρακισμὸν,
1531 1684 1619 1715 Quid
1635 1695 1670 1716 o.

133 1748 204 1785 five
224 1747 326 1784 exilii
345 1746 580 1789 sententiam,
599 1759 686 1795 quae
704 1746 890 1797 ὀστράκοις,
910 1745 947 1782 id
976 1745 1027 1782 est
1054 1745 1209 1791 testulis,
1230 1747 1367 1796 quibus
1388 1747 1517 1785 inseri·
1530 1729 1721 1762 ancisum*

135 1813 291 1863 bebatur
327 1809 495 1861 ejicIendi
527 1823 676 1854 nornen,
708 1809 903 1854 ferebatur,
934 1810 1180 1848 Athenienses
1218 1811 1434 1861 instituifle3
1473 1819 1519 1851 ut

134 1877 269 1915 scilicet
287 1890 372 1925 eum
393 1876 504 1913 exilio
530 1875 718 1926 pellerent,
739 1875 805 1925 qui
826 1874 1060 1920 fortitudine,
1079 1876 1243 1926 gloriave
1262 1877 1432 1922 militari,
1451 1885 1518 1917 aut

134 1942 267 1993 insigni
294 1940 439 1992 justitia
469 1948 506 1978 et
536 1941 686 1986 virtute,
718 1948 782 1978 aut
811 1940 1028 1978 divitiarum
1061 1942 1183 1992 copia,
1212 1950 1278 1980 aut
1308 1945 1515 1983 amicorum

133 2008 391 2053 multitudine,
412 2014 478 2046 aut
496 2007 569 2046 alia
588 2007 752 2058 qualibet
772 2007 874 2045 civili
893 2008 1059 2059 potentia
1078 2009 1230 2060 reliquis
1249 2010 1392 2048 civibus
1411 2020 1516 2050 ante-

129 2073 286 2112 celleret.
343 2074 402 2111 Sic
429 2079 466 2110 et
489 2074 733 2124 Argonautae,
757 2073 880 2111 secum
910 2075 1041 2112 habere
1068 2075 1272 2113 Herculem
1301 2077 1514 2123 noluerunt,
1525 2054 1722 2131 ἓιὲξέῐέἰω

130 2141 170 2182 ὣς
202 2138 460 2191 &tegedum-ra
490 2138 576 2176 πολὺ
604 2143 667 2177 τῶν
694 2137 882 2191 πλωτήρων.
937 2140 988 2176 Et
1015 2141 1113 2177 hanc
1142 2141 1294 2191 quidem
1317 2143 1512 2193 opulentos
1526 2142 1707 2192 plurimum

128 2203 286 2248 Heroas,
315 2203 484 2254 virosque
512 2203 689 2254 optimos,
717 2203 924 2253 expellendi
953 2204 1135 2243 rationem
1165 2206 1204 2243 in
1233 2207 1370 2245 vitiosis
1389 2190 1694 2247 rebus-¹upem‘t‘

125 2267 299 2319 publicis,
320 2274 364 2306 ut
385 2268 637 2313 Democratia,
655 2267 887 2318 Oligarchia,
905 2270 1136 2320 Tyrannide‚
1153 2284 1228 2309 non
1250 2273 1364 2310 modo
1382 2273 1510 2311 locum

128 2334 262 2374 habere
289 2333 344 2370 ait
374 2333 493 2384 (quod
519 2332 658 2370 scilicet
687 2333 771 2384 ipsis
797 2332 898 2382 justa
925 2334 1105 2379 videatur,
1123 2335 1248 2387 eisque
1277 2336 1364 2374 satis
1392 2339 1447 2382 fit,
1467 2346 1512 2376 ut

127 2411 353 2449 quacunque
391 2398 452 2435 via
487 2397 600 2435 etiam
635 2397 806 2447 improba
837 2398 876 2436 in
911 2398 975 2437 suo
1006 2399 1103 2438 statu
1139 2401 1415 2451 conserventur)
1451 2402 1512 2441 sed

127 2463 242 2502 etiam
258 2463 297 2500 in
318 2462 438 2507 bonis,
455 2475 695 2500 communem
713 2462 880 2514 alioquin
902 2464 1103 2503 utilitatem
1125 2465 1391 2516 spectantibus,
1413 2467 1515 2517 pofl‘e

125 2527 288 2579 reperiri,
313 2527 401 2565 hinc
430 2528 560 2578 probat
574 2545 585 2574 3
617 2527 730 2566 Quod
760 2536 802 2566 ut
830 2528 963 2566 artifex
987 2537 1130 2580 partem
1150 2544 1266 2568 unam
1285 2532 1406 2582 operis
1424 2533 1511 2572 licet

127 2591 291 2630 absolute
311 2593 504 2643 pulchram
523 2599 561 2629 et
579 2592 778 2643 optimam,
795 2599 839 2631 ut
858 2593 979 2643 piCtor
996 2595 1126 2645 pedem
1147 2595 1335 2640 animalis,
1354 2597 1509 2637 navium

74 2667 100 2702 Q
127 2656 254 2708 opifex
281 2657 456 2708 puppim,
486 2657 814 2695 Chorodidascalus
841 2671 970 2696 vocem
1008 2658 1165 2710 alicujus
1203 2661 1338 2698 Mufici
1364 2647 1525 2713 alioquiv

126 2721 291 2773 suavem,
305 2721 405 2773 justo
435 2729 560 2760 tamen
590 2723 822 2773 grandiorem
847 2730 885 2761 et
913 2724 1081 2762 altiorem
1105 2738 1181 2762 non
1200 2725 1373 2774 sustinet;
1403 2729 1450 2765 fic
1469 2735 1510 2766 et·

124 2785 250 2839 bonus?
263 2786 434 2840 Princeps
452 2794 517 2826 aut
535 2787 779 2839 Magistratus
809 2801 928 2828 unum
957 2789 1123 2840 aliquem
1144 2788 1246 2840 justo
1264 2790 1443 2842 majorem
1462 2805 1506 2831 ac

795 2867 816 2892 C
835 2866 861 2903 4
