1904 3308
213 2315 299 2346 Quid
315 2316 385 2346 Ari·

441 150 455 189 l
831 154 1078 197 SYNOPSIS
1103 158 1183 197 AN
1185 158 1426 223 ALYthA

440 259 588 305 ultimo,
608 262 706 311 quod
735 262 774 301 in
803 265 884 310 hoc,
906 266 1091 316 popularis
1119 273 1154 304 et
1180 267 1320 318 plebeia
1349 266 1548 304 multitudo
1568 265 1731 315 imperet,
1749 263 1789 302 in

440 323 513 360 illis
543 339 628 363 vero
658 327 778 378 leges:
808 329 985 368 nimirum
1018 332 1106 380 quia
1139 331 1177 367 in
1207 330 1358 375 ultimo,
1375 343 1511 367 merces
1537 329 1718 379 propofita.
1743 326 1787 364 fit

438 386 720 439 Rempublicam
738 394 943 443 gerentibus
957 410 969 440 3
999 395 1037 432 in
1056 395 1249 445 prioribus,
1264 394 1370 432 nihil.
1425 394 1550 444 Atque
1570 393 1607 429 id
1625 392 1789 442 quidem,

438 451 527 499 quia
545 452 583 490 in
601 454 735 493 ultimo
752 457 916 502 uberiora
930 457 1014 495 sunt
1032 464 1068 495 et
1085 458 1264 508 ampliora
1289 455 1437 507 publica
1463 455 1655 505 veffigalia
1671 471 1681 501 ;
1712 454 1787 504 pri-

436 524 604 557 vatorum
634 521 776 558 minora
790 539 801 568 3
833 522 871 558 in
900 521 1094 571 prioribus,
1111 528 1239 558 contra
1253 538 1265 567 3
1293 533 1336 557 eo
1363 520 1460 570 quod
1488 518 1621 556 scilicet
1647 519 1715 555 hoc
1745 518 1784 554 in

438 584 609 622 maximis
634 585 844 624 civitatibus
870 584 1058 635 reperitur,
1078 597 1233 635 quarum
1253 582 1391 633 majora
1407 582 1472 620 effe
1487 582 1602 620 solent
1619 581 1782 632 vectiga-

436 646 511 694 lia;
540 653 577 685 et
594 648 631 685 in
650 662 692 686 eo
709 661 834 686 omnes
854 648 987 693 infimi,
1014 654 1050 685 et
1077 648 1148 685 faex
1174 647 1334 685 civitatis
1355 647 1578 689 dominatur,
1599 657 1783 683 mercena-

436 710 494 755 rii,
513 710 673 761 opifices,
692 711 888 762 proletarii,
908 724 1064 761 quorum
1085 711 1206 748 nullus
1225 710 1282 748 vel
1299 711 1452 760 exiguus
1470 710 1519 748 est
1537 709 1674 747 census.
1727 709 1783 746 At

436 774 474 810 in
494 772 699 824 prioribus':
730 775 817 825 quia
835 781 871 812 et
892 762 1047 812 minores
1074 775 1159 812 sunt
1183 775 1301 818 urbes,
1321 775 1367 811 in>
1382 774 1494 824 iisque
1512 773 1696 823 agricolae,
1716 785 1781 822 pa·

433 836 553 883 stores,
573 844 784 876 mercatores
811 844 847 875 et
874 838 1010 876 nautici
1037 838 1286 882 dominantur,
1304 836 1347 874 fit
1364 844 1406 875 ut
1426 837 1570 887 publica
1590 836 1782 886 vectigalia

433 900 502 937 fint
533 901 689 946 minora,
714 902 938 952 privatorum
969 900 1120 950 majora.
1174 900 1288 938 Primi
1317 913 1403 950 ergo
1430 899 1676 937 Democratici
1707 899 1779 936 sui·

431 966 535 1002 rebus
565 971 746 1010 vacantes,
767 964 963 1015 imperium
991 965 1131 1015 legibus
1157 963 1263 1017 facile
1289 964 1533 1014 permittunt3
1561 963 1686 1001 ultimi
1713 977 1781 1000 au-

429 1034 504 1065 tem
524 1029 648 1079 inopia
665 1029 793 1074 coacti,
811 1029 856 1066 ad
874 1029 1158 1078 Rempublicam
1175 1028 1370 1078 gerendam
1389 1027 1600 1065 alliciuntur
1619 1029 1779 1066 mercede

428 1093 624 1142 proposita,
654 1099 766 1142 atque
794 1097 835 1129 ut
863 1092 946 1129 Inde
972 1091 1087 1128 vitam
1115 1090 1321 1129 sustentent.
1373 1090 1562 1127 Dicuntur
1586 1103 1694 1140 porro
1719 1091 1777 1128 hic

428 1169 601 1207 pauperes
620 1155 815 1207 σχολάζειν,
828 1155 942 1200 otiari,
960 1156 1049 1205 quia
1065 1167 1138 1191 non
1157 1159 1382 1204 occupantur
1400 1154 1512 1199 curis,
1530 1167 1620 1204 quas
1637 1155 1777 1193 divitia·

427 1218 596 1257 afferunt.
650 1220 722 1256 His
742 1220 794 1256 ita
814 1220 859 1257 de
884 1218 1120 1256 Democratia
1146 1218 1325 1268 expostus,
1344 1217 1467 1254 eodem
1498 1217 1569 1255 fere
1596 1219 1707 1255 modo
1733 1220 1778 1257 de

425 1283 618 1332 generibus
644 1282 868 1333 Oligarchiae
894 1283 1033 1324 statuit,
1054 1282 1305 1331 rationemque
1331 1279 1448 1326 affert,
1466 1294 1532 1318 cur
1558 1281 1628 1318 tria
1654 1281 1777 1332 priora

424 1360 556 1397 genera
591 1347 731 1397 legibus
773 1346 1084 1390 administrentur,
1122 1351 1296 1395 quartum
1340 1357 1538 1395 paucorum
1583 1345 1775 1396 arbitratu.

424 1410 636 1448 permittere
661 1423 747 1460 ergo
773 1409 910 1460 primos
940 1409 1192 1458 Oligarchicos
1225 1408 1394 1458 quaedam
1425 1408 1581 1457 legibus,
1600 1409 1687 1458 quia
1714 1422 1775 1446 eo·

423 1487 506 1511 rum
527 1474 596 1511 fint
615 1474 768 1511 modicae
785 1486 884 1523 opeS,
905 1473 942 1510 id
960 1473 1009 1510 est
1026 1485 1100 1510 non
1125 1478 1250 1516 tantae,
1277 1477 1320 1509 ut
1347 1472 1391 1509 iis
1418 1473 1538 1509 otiofis
1562 1472 1628 1509 effe
1655 1472 1774 1518 liceat,

422 1544 487 1575 aut
517 1551 644 1576 curam
678 1550 796 1575 rerum
826 1537 971 1574 suarum
999 1549 1072 1574 non
1101 1537 1229 1574 habere
1245 1551 1256 1582 ;
1285 1549 1350 1573 nec
1375 1542 1460 1583 tam·
1480 1536 1636 1586 exiguae,
1658 1542 1701 1573 ut
1726 1549 1771 1573 ex

422 1602 569 1653 publico
596 1603 664 1639 fint
686 1602 819 1639 alendi.
874 1601 1054 1639 Secundos
1074 1601 1200 1643 etiam,
1219 1600 1304 1637 licet
1331 1599 1420 1637 alias
1449 1600 1487 1636 in
1513 1599 1774 1637 defunctorum

420 1666 544 1703 locum
580 1664 771 1709 sufficiant,
803 1664 945 1714 aliquid
980 1670 1103 1701 tamen
1132 1664 1275 1713 legibus
1308 1663 1522 1713 relinquere,
1554 1663 1612 1701 sed
1647 1664 1777 1706 minut*

421 1744 535 1781 quam
555 1731 704 1781 priores,
724 1730 813 1779 quia
837 1729 998 1766 ditiores.
1051 1728 1194 1765 Tertios
1221 1740 1295 1764 non
1321 1727 1447 1764 omnia
1474 1727 1592 1765 adhuc
1617 1728 1772 1765 omnino

419 1807 540 1844 gerere
558 1792 621 1831 suo
640 1793 828 1830 arbitratu.
883 1792 986 1829 Licet
1012 1791 1110 1828 enim
1136 1791 1290 1841 imperia
1308 1790 1452 1827 tradant
1470 1789 1568 1834 filiis,
1587 1803 1630 1828 ea.
1647 1797 1777 1829 tamenz

419 1860 476 1896 his
504 1858 703 1907 relinquere
720 1858 798 1907 lege
816 1856 979 1907 primum
996 1856 1202 1894 constituta.
1255 1856 1311 1893 At
1333 1862 1481 1905 quartos
1507 1855 1602 1893 nihil
1628 1855 1776 1906 legibus

419 1921 646 1971 relinquere:
678 1920 815 1971 esseque
846 1919 989 1957 ultimae
1020 1919 1276 1963 Democratiae,
1306 1925 1343 1956 et
1372 1919 1577 1968 Tyrannidi
1605 1920 1765 1966 fimiles3

419 1985 519 2034 quod
538 1984 718 2021 maximas
736 1983 930 2034 poffideant
946 1982 1108 2028 divitias,
1128 1983 1268 2033 sintque
1287 1982 1369 2020 ideo
1384 1982 1488 2020 valde
1512 1983 1621 2034 pauci
1649 1983 1768 2034 magi·

421 2049 599 2086 stratuum
615 2057 652 2086 et
671 2047 815 2099 imperii
832 2046 1042 2097 participes.

913 2150 977 2188 Ad
995 2151 1278 2203 Cap.fiptimum.

475 2240 566 2289 Agit
594 2237 637 2276 de
669 2237 920 2280 Arfflocrafia,
945 2248 1059 2286 quam
1089 2235 1217 2273 definit
1242 2249 1325 2274 eam
1353 2236 1585 2287 Reipublicae
1608 2237 1770 2279 adminir

421 2304 573 2341 strandae
592 2302 765 2346 formam,
784 2314 868 2351 quae
893 2301 1034 2338 constat
1057 2300 1158 2344 viris,
1179 2313 1254 2337 non
1281 2300 1328 2337 iis
1355 2300 1502 2350 quidem
1520 2313 1568 2338 ex
1587 2301 1769 2352 hypothe-

212 2359 457 2412 st⁰⁰¹³“l³³‘³‘1i,
487 2374 709 2418 comparate,
729 2372 793 2403 aut
819 2365 1015 2403 secundum
1044 2365 1148 2415 quid,
1168 2364 1225 2402 sed
1251 2365 1417 2409 omnino,
1435 2371 1472 2402 et
1495 2366 1704 2416 simpliciter
1731 2373 1768 2406 et

210 2400 396 2442 quotuplex.

419 2432 580 2470 absolute
597 2430 728 2476 bonis;
759 2429 798 2466 in
826 2442 899 2479 qua
925 2429 1059 2466 scilicet
1087 2428 1170 2471 sola,
1189 2441 1281 2466 verae
1298 2428 1445 2466 virtutis
1463 2430 1637 2467 habeatur
1662 2430 1767 2476 ratio,

420 2496 590 2545 idemque
607 2494 650 2531 sit
667 2494 724 2530 vir
741 2493 856 2529 bonus
875 2492 1035 2530 absolute
1052 2498 1089 2529 et
1105 2492 1195 2529 civis
1213 2493 1341 2529 bonus.
1395 2492 1440 2529 In
1469 2492 1550 2530 aliis
1576 2493 1676 2530 enim
1702 2507 1768 2531 ne-

419 2559 552 2597 cessum
572 2571 645 2596 non
663 2558 716 2595 est
733 2557 828 2594 viros
843 2556 910 2605 effe
934 2557 1048 2594 bonos
1074 2555 1295 2606 simpliciter,
1314 2555 1370 2592 sed
1397 2556 1508 2593 bonos
1535 2556 1621 2595 huic
1638 2557 1695 2594 vel
1715 2557 1773 2596 illi

417 2622 657 2672 Reipublicae.
710 2621 854 2658 Deinde
888 2619 994 2670 ponit
1028 2625 1188 2669 quatuor
1219 2618 1461 2656 Aristocratiae
1495 2631 1649 2668 genera:
1689 2620 1769 2660 Pris-

417 2699 524 2723 mum
540 2686 741 2736 optimum,
761 2684 799 2720 in
818 2697 892 2733 quo
911 2683 1056 2720 virtutis
1074 2682 1181 2719 solius
1209 2682 1303 2719 ratio
1327 2682 1490 2719 habetur.
1546 2682 1769 2731 Secundum,

417 2749 456 2787 in
484 2762 560 2799 quo
586 2748 731 2788 virtutis
749 2754 785 2784 et
801 2747 1028 2786 divitiarum.
1080 2746 1264 2791 Tertium,
1284 2746 1322 2784 in
1341 2759 1416 2797 quo
1438 2745 1584 2786 virtutis
1603 2752 1639 2786 et
1658 2746 1766 2791 liber÷
