1904 3308
283 228 663 288 POLITICORUM
689 242 1055 285 Ams‘ro‘rssms.
1085 241 1157 281 IV.
1185 255 1226 291 3,
1253 254 1293 290 4.
1403 233 1498 278 ‘xlvii

114 360 381 412 communique
397 359 634 411 Reipublicae
649 357 823 397 divisione
843 357 882 394 in
903 356 1041 394 reetam
1058 360 1096 392 et
1113 352 1286 393 vitiosam
1301 352 1498 398 docuerat3

118 425 245 463 statuit
271 426 317 462 de
343 426 453 463 tertio
473 438 604 476 genere
623 422 733 463 κείω
750 421 983 474 Reipublicae
1001 433 1086 472 quae
1108 413 1260 457 nomine
1278 417 1391 455 totius
1411 415 1501 454 solet

116 490 327 542 significari,
355 492 526 552 deinc-eps
553 490 620 529 effe
646 488 974 529 considerandum:
1004 486 1170 536 itemque
1197 484 1241 521 de
1260 481 1498 534 Oligarchia,

115 556 355 595 Democratia
382 565 419 595 et
445 556 673 608 Tyrannide.
729 555 808 594 Ubi
837 559 943 592 notat
970 551 1186 590 vitiosarum
1213 548 1402 600 peffimam
1431 545 1499 584 effe

114 622 386 673 Tyrannldem,
407 628 450 659 ut
470 617 619 673 quaefit
637 624 697 666 τῆς
716 620 852 674 ωξῶτης
880 618 938 657 καὶ
968 617 1147 670 θειοτάτης
1166 610 1399 673 παρέκβᾷσις,
1419 611 1497 664 pri·
1509 619 1670 660 Tyranni:

117 701 187 725 mae
202 696 235 725 et
252 685 480 736 AEvz'ngfflmae,
502 686 540 724 id
559 686 609 724 est
625 685 765 737 Regni,
785 683 951 736 digrqfflO.
995 680 1276 721 Democratiam
1296 692 1383 717 vero
1402 678 1498 715 inter
1511 662 1652 703 peffima.

117 752 236 790 malas
263 751 504 804 μετριωτάτην.
558 751 660 789 Tum
690 750 827 789 futurae
854 747 1087 787 traetationis
1117 742 1336 785 methodum
1363 742 1496 794 consti·
1511 745 1702 820 Iiyloderatiss

117 817 192 856 tuit
203 833 215 865 3
245 823 282 855 et
300 818 434 868 quibus
452 818 496 855 de
516 817 637 862 rebus,
661 830 809 868 quoque
827 814 954 854 ordine
974 815 1016 852 fit
1035 813 1217 859 dicturus,
1237 810 1410 864 explicat.
1523 799 1640 820 unam'

634 904 699 962 Ad
717 924 803 977 Cap.
823 923 973 962 tertium.

169 1010 304 1050 Probat
320 1011 387 1050 effe
404 1010 563 1050 diversas
590 1011 869 1062 gubernationis
887 1010 948 1049 seu
967 1004 1201 1062 Reipublicae
1218 1007 1374 1054 formas,
1393 1021 1438 1045 ex
1456 1008 1500 1045 eo

117 1076 217 1126 quod
236 1077 306 1114 sint
324 1076 455 1115 multae
474 1083 595 1128 partes
613 1077 790 1122 civitatis,
811 1077 848 1114 id
867 1076 916 1114 est
934 1075 1076 1114 civium
1096 1074 1190 1113 varii
1208 1070 1352 1112 ordines
1368 1089 1376 1111 z
1406 1079 1500 1125 puta

117 1141 296 1187 divitum,
336 1155 557 1193 pauperum,
600 1143 800 1187 nobilium,
838 1141 1081 1192 ignobilium,
1119 1147 1365 1186 armatorum,
1402 1138 1500 1176 iner-

120 1206 240 1244 mium
259 1222 268 1245 :
298 1214 335 1245 et
352 1208 397 1246 de
415 1209 555 1259 populo
574 1208 726 1259 quidem
746 1208 837 1245 alios
864 1206 930 1245 effe
957 1206 1149 1258 agricolas,
1170 1205 1262 1243 alios
1281 1211 1500 1242 mercatores

119 1273 190 1310 five
210 1272 405 1319 institores,
426 1274 622 1325 ἀγοραίους,
642 1273 733 1311 alios
754 1272 915 1324 opifices.
972 1272 1049 1310 Ubi
1076 1277 1197 1316 notat,
1227 1275 1290 1310 τῶν
1320 1271 1501 1323 γνωρίμων,
1513 1279 1688 1313 Nobilium

121 1334 160 1372 id
188 1336 238 1373 est
267 1336 448 1374 nobilium
476 1337 597 1374 varios
625 1334 775 1388 gradus,
797 1350 916 1375 unum
949 1349 998 1374 ex
1025 1335 1182 1379 divitiis,
1201 1341 1239 1372 et
1266 1333 1432 1372 maxime
1459 1347 1502 1371 ea
1513 1325 1718 1366 gffldm‘ffl·

119 1399 227 1450 copia
247 1413 333 1451 quae
352 1401 429 1452 πρὸς
448 1403 693 1455 ἴπποτςοφίαν,
711 1401 762 1440 ad
777 1415 876 1454 equos
894 1400 1044 1446 alendos,
1063 1399 1220 1438 sufficiat
1235 1416 1248 1447 3
1278 1400 1437 1437 alterum
1456 1412 1502 1436 ex

119 1477 276 1515 genere;
307 1467 458 1504 tertium
491 1481 536 1504 ex
567 1467 716 1506 virtute.
772 1467 877 1505 Hinc
909 1468 1033 1518 arguit
1062 1480 1123 1505 eos
1150 1466 1217 1518 qui
1245 1466 1320 1504 duo
1350 1471 1502 1504 tantum

119 1530 352 1582 Reipublicae
371 1545 505 1583 genera
522 1532 780 1584 Oligarchiam
800 1540 837 1571 et
854 1533 1149 1578 Democratiam,
1166 1533 1266 1584 quasi
1284 1533 1377 1570 duos
1396 1532 1504 1583 prin-

120 1595 219 1647 cipes
247 1604 390 1644 ventos,
415 1598 646 1648 Aquilonem
673 1604 711 1637 et
736 1598 916 1637 Austrum
931 1614 942 1647 5
973 1605 1038 1637 aut
1066 1599 1167 1650 quasi
1193 1599 1269 1636 duo
1296 1597 1504 1636 harmoniae

119 1673 254 1711 genera
280 1663 439 1701 Dorium
461 1670 495 1701 et
516 1663 721 1715 Phrygium
746 1663 960 1710 statuerant,
979 1664 1027 1702 ad
1055 1677 1141 1714 quae
1168 1660 1243 1701 alia
1270 1662 1504 1701 referrentur.

123 1727 275 1765 Etenim
308 1743 354 1766 ex
382 1730 548 1780 partium
577 1729 741 1767 civitatis
772 1729 1077 1774 diffimilitudine,
1107 1742 1194 1779 quae
1220 1727 1363 1766 diverso
1393 1727 1506 1766 modo

123 1793 392 1842 gubernantur,
410 1794 792 1845 Rerumpublicarum
821 1794 978 1832 varietas
1005 1793 1114 1831 debet
1141 1793 1328 1838 aestimari,
1355 1793 1401 1831 de
1429 1804 1506 1844 qua

124 1856 270 1896 dietum
290 1857 410 1910 supra,
426 1859 491 1897 ubi
511 1866 583 1896 tres
603 1859 725 1903 reE‘tae,
746 1859 900 1897 totidem
920 1858 1061 1898 vitiosae
1078 1858 1250 1896 stabilitae
1267 1858 1433 1897 fuerunt.

631 1966 695 2005 Ad
711 1967 801 2019 Cap.
820 1975 998 2020 quartum.

175 2051 316 2091 Statuit
336 2065 371 2091 1.
395 2052 642 2093 definiendam
670 2055 738 2093 effe
765 2055 1047 2094 Democratiam
1075 2069 1120 2094 ex
1148 2055 1346 2094 dominatu
1372 2055 1507 2094 libero-

123 2129 206 2155 rum
226 2124 262 2156 et
281 2132 502 2173 pauperum,
522 2133 678 2158 numero
696 2119 926 2171 superiorum
943 2136 951 2158 ε
983 2119 1244 2172 Oligarchiam
1272 2134 1318 2160 ex
1346 2115 1506 2172 imperio

121 2180 296 2230 divitum,
326 2191 364 2223 et
394 2185 635 2232 nobiliorum,
674 2200 830 2225 numero
864 2186 1097 2239 pauciorum.
1151 2188 1275 2226 Notat
1309 2189 1430 2226 obiter
1466 2188 1503 2226 in
1517 2196 1557 2228 In
1572 2195 1704 2230 AEthio-

122 2247 324 2300 AEthiopia
343 2249 530 2302 supremos
550 2252 704 2290 honores
725 2252 770 2290 iis
790 2253 962 2290 mandari
985 2252 1110 2292 solitos
1131 2254 1197 2305 qui
1216 2254 1378 2305 corporis
1398 2267 1506 2305 mag·
1518 2241 1573 2315 ¹³2}
1585 2241 1708 2315 ξήῑξὲζ

123 2311 295 2351 nitudine
322 2315 508 2366 praestant.
564 2317 733 2355 Secundo
764 2317 910 2368 repetit,
929 2317 1052 2369 plures
1080 2318 1147 2356 effe
1174 2319 1410 2370 Reipublicae
1432 2318 1506 2357 for·
1518 2293 1724 2368 guixixajote’t

123 2389 230 2425 mas5
260 2379 350 2430 quia
367 2379 454 2418 sunt
480 2381 630 2419 diversae
658 2387 778 2432 partes
808 2382 985 2428 civitatis,
1006 2383 1246 2423 similitudine
1271 2384 1389 2435 petita
1407 2397 1429 2422 a
1448 2384 1506 2422 di-
1519 2380 1663 2413 ⁰⁰¹P⁰¹⁶·

123 2443 231 2481 ven-fis
257 2443 388 2483 formis
415 2446 485 2483 five
513 2445 699 2497 speciebus
719 2447 903 2493 animalis,
924 2461 1010 2499 quae
1030 2449 1119 2486 tales
1141 2450 1419 2487 constituuntur
1438 2463 1507 2501 pro

121 2506 261 2546 diversa
289 2510 456 2560 partium
488 2511 643 2551 ratione.
697 2512 755 2550 Ut
789 2513 878 2563 quia
902 2520 1026 2564 partes
1056 2514 1176 2552 motui
1205 2514 1423 2553 consecratae
1445 2520 1508 2565 (ut

121 2579 243 2623 partes
261 2575 436 2613 nutritias
454 2582 490 2613 et
508 2573 677 2615 sensuum
697 2590 838 2628 organa
857 2578 1073 2629 mittamus)
1094 2580 1241 2618 variant
1260 2580 1300 2618 in
1319 2580 1476 2618 animali
1494 2595 1504 2619 τ

123 2637 208 2676 sunt
226 2632 457 2692 enim-pedes
486 2642 526 2679 in
554 2642 720 2689 homine,
741 2643 810 2682 alae
828 2642 867 2682 in
886 2657 965 2690 ave,
985 2645 1113 2696 pinnae
1139 2645 1178 2683 in
1207 2645 1330 2697 pisce;
1360 2653 1397 2684 et
1425 2659 1506 2684 rur-

122 2701 181 2741 sus
209 2703 249 2741 in
278 2706 431 2744 homine
460 2707 541 2744 bini
572 2708 692 2759 pedes,
721 2708 759 2747 in
789 2708 910 2747 bestiis
938 2709 1013 2748 fere
1041 2711 1229 2762 quaterni,
1248 2718 1284 2749 et
1313 2710 1435 2750 rursus
1464 2711 1505 2749 in

124 2768 313 2827 quaternis
331 2770 395 2809 alii
413 2770 491 2816 fiffi,
511 2772 575 2810 alii
595 2772 699 2811 solidi
715 2789 726 2820 3
757 2772 839 2812 ideo
857 2774 960 2830 varia
978 2774 1201 2814 animalium
1223 2789 1358 2827 genera
1376 2776 1504 2819 distin·
1515 2785 1566 2818 De
1575 2785 1667 2817 diffe-

123 2839 317 2882 guuntur;
348 2836 396 2874 fic
426 2835 465 2873 in
496 2850 533 2875 re
560 2837 663 2875 civili
691 2838 837 2876 variant
862 2837 1099 2892 Respublicae
1126 2839 1328 2879 secundum
1356 2854 1505 2892 genera,
1517 2830 1640 2867 tentiis,
1651 2838 1723 2870 ΡΜ·

126 2890 212 2949 quae
231 2899 344 2941 etiam
372 2904 506 2954 genera
534 2899 574 2942 in
602 2902 683 2942 suas
710 2902 802 2944 alias
830 2895 964 2956 species
983 2919 1052 2957 pro
1073 2906 1239 2957 partium
1257 2901 1422 2947 civitatis
1442 2921 1506 2948 va-
1518 2873 1708 2951 iiiiiiz’axxig·
