1904 3308
357 226 738 268 POLITICORUM
764 225 1126 266 ARISTOTELIS.
1154 225 1225 265 IV.
1257 236 1320 276 14.
1491 218 1531 261 lv

159 346 198 392 ς.
217 338 295 390 Περὶ
313 341 523 390 γυμνασίου,
542 339 580 377 in
598 338 856 377 exercitatione
883 350 1094 389 corporum,
1113 348 1229 387 quam
1249 336 1275 373 fi
1295 348 1371 373 non
1390 333 1533 372 faciant

156 404 392 454 potentiores,
410 404 522 441 etiam
545 404 776 446 multantur;
805 402 1004 448 tenuiores,
1021 415 1095 440 non
1111 417 1123 449 3
1152 406 1265 451 atque
1283 400 1374 437 adeo
1391 399 1431 436 hi
1449 411 1532 437 cor·

157 481 250 519 pora
268 468 331 506 sua
348 482 524 512 exercere,
543 469 642 519 quod
671 467 811 518 alioqui
837 466 977 505 salubre
1003 466 1067 510 est,
1098 465 1309 517 negligunt,
1364 463 1425 502 sic
1442 475 1531 513 ergo

158 533 198 571 in
226 533 444 584 Oligarchia
474 533 694 585 potentiores
722 532 922 584 imponunt
950 532 1103 583 populo.
1157 531 1253 569 Sunt
1277 542 1365 568 vem
1388 534 1426 566 et
1453 527 1531 566 De·
1542 527 1660 579 Doliet
1670 537 1748 560 con-

159 600 350 637 mocratiae
381 598 434 636 sui
461 599 549 643 doli,
581 597 766 636 machinae
791 611 833 636 ac
864 597 1009 635 fraudes
1036 603 1166 635 contra
1189 595 1340 634 ditiores
1366 599 1406 631 et
1431 592 1530 644 opti·
1543 572 1747 647 glssssig‘m*

158 668 291 707 mates,
323 669 360 699 et
391 662 463 699 illis
491 661 709 707 contrariae;
740 666 785 698 ut
815 661 904 710 quia
931 659 1196 711 Oligarchicis,
1221 657 1365 696 mulcta
1391 657 1534 707 semper

157 726 352 764 ditioribus
370 726 582 776 irrogatum
611 726 708 776 apud
733 725 1023 770 Democraficoe,
1041 725 1146 763 nulla
1171 723 1367 762 ditioribus
1395 721 1530 760 confli-

156 798 296 835 tuatur,
315 791 393 829 imo
410 791 638 828 tenuioribus
658 790 864 829 mercedula
891 791 938 828 ad
965 790 1198 842 Reipublicae
1221 788 1382 840 gerenda
1400 787 1531 824 munia

154 856 383 894 decernatur.
439 856 629 901 Admonet
656 860 781 893 tamen
800 855 1013 893 Aristoteles
1040 854 1136 907 pofle
1162 852 1355 903 utriusque
1379 853 1531 890 technas

155 920 302 965 diurni,
319 920 445 971 itaque
473 920 683 971 temperari,
708 927 752 958 ut
781 920 1011 971 Reipublicae
1037 919 1184 972 speciali
1211 917 1416 957 conferant.
1471 917 1531 955 Sic

153 999 199 1024 ex
217 985 434 1037 Oligarchia
452 985 548 1037 poss'e
567 984 664 1023 sumi
684 985 866 1023 mulctam
887 986 1062 1030 divitum,
1081 986 1107 1023 fi
1126 985 1243 1023 absint
1259 997 1282 1022 a
1300 982 1476 1028 comitiis,
1493 989 1532 1020 et

151 1043 317 1097 iudiciis,
349 1053 419 1088 &c.
475 1050 532 1087 Ex
563 1050 805 1088 Democratia
841 1049 1102 1095 mercedulam,
1134 1062 1209 1100 qua
1239 1048 1447 1086 invitentur
1476 1053 1531 1084 te-

148 1116 302 1154 ·nuiores
320 1116 367 1154 ad
385 1116 619 1167 Reipublioee
646 1116 1015 1155 administrationem.
1068 1116 1172 1154 Tum
1190 1115 1296 1152 docet
1316 1114 1355 1151 in
1374 1113 1528 1164 Repub-
1542 1119 1581 1169 ¹3¹
1598 1119 1707 1160 Repu·
1742 1163 1748 1168 .

157 1181 230 1219 lica
246 1180 393 1232 speciali
419 1181 671 1232 principatum
699 1182 767 1220 effe
794 1195 903 1233 penes
931 1181 1082 1219 milites.
1138 1181 1234 1218 Item
1255 1192 1330 1217 non
1350 1178 1448 1230 posse
1465 1192 1530 1216 ex·
1541 1161 1751 1247 ffissiaesfficgh

157 1245 238 1284 aete
256 1246 404 1284 censum
423 1253 460 1284 et
478 1247 575 1284 bona
594 1247 725 1284 horum
745 1246 885 1284 civium
911 1245 1070 1291 definiri,
1089 1246 1295 1283 habendam
1315 1251 1443 1281 tamen
1463 1242 1530 1281 effe
1544 1256 1655 1300 tenent
1669 1249 1733 1280 mi-

155 1311 338 1349 rationem
362 1324 488 1350 eorum
517 1311 584 1362 qui
610 1311 695 1350 sunt
722 1311 955 1363 Reipublicae
974 1311 1183 1362 participes,
1237 1309 1527 1360 Rempublicam
1542 1292 1626 1324 ¹¹²³·

154 1375 316 1427 primam
335 1376 568 1422 Graecorum,
586 1377 665 1427 post
692 1377 879 1415 abdicatos
899 1377 1034 1427 Reges,
1051 1389 1096 1413 ex
1115 1375 1300 1413 militibus
1318 1373 1527 1420 constitisse,

155 1440 271 1491 iisque
300 1441 501 1492 equitibus.
555 1440 636 1478 Effe
670 1441 770 1479 enim
804 1442 1012 1492 equitatum
1047 1440 1213 1492 peditatu
1245 1439 1495 1491 antiquiorem
1515 1454 1524 1476 :
1542 1440 1721 1472 lnstmendi

155 1507 246 1557 quia
263 1513 406 1545 tantam
426 1519 555 1544 curam
574 1513 765 1557 artemque
784 1520 859 1544 non
887 1507 1050 1557 requirat
1067 1505 1269 1557 equitatus,
1288 1517 1402 1555 quam
1422 1503 1528 1555 pedi·
1541 1484 1747 1558 Ξῖὲξᾞῗοί,

153 1576 276 1610 tatus:
306 1581 343 1609 et
361 1572 400 1609 in
418 1572 483 1609 illo
500 1572 611 1608 robur
626 1572 714 1609 belli
739 1571 865 1622 potius
883 1583 998 1621 quam
1017 1570 1058 1608 in
1077 1571 1147 1608 hoc
1164 1569 1343 1608 confiflat.
1389 1569 1436 1606 In
1455 1568 1529 1606 fine
1540 1571 1746 1655 ἓξζὲἶὲἓὲῗ

152 1636 287 1686 capitis
314 1649 440 1674 eorum
474 1650 560 1686 quae
588 1638 658 1674 hoc
685 1636 779 1675 libro
806 1635 986 1674 haetenus
1005 1634 1105 1673 fuere
1124 1634 1360 1687 pertractata,
1378 1634 1527 1671 brevem
1540 1657 1604 1689 iffe.

155 1700 340 1738 summam
360 1701 515 1751 colligit.

581 1808 645 1846 Ad
664 1808 750 1860 Cap.
768 1807 1109 1860 decimumquartum.

209 1895 418 1946 Distinguit
445 1902 516 1933 tres
546 1895 584 1932 in
616 1896 720 1933 omni
748 1895 954 1946 Republica
974 1903 1108 1947 partes.
1165 1894 1330 1933 Primam
1349 1897 1528 1942 κρίνα-ὃ

154 1961 399 2008 βουλευόμενοι,
416 1972 498 1997 earn
525 1959 661 1997 scilicet
679 1974 764 2010 quae
783 1961 965 1998 consultat
983 1966 1020 1998 et
1036 1960 1213 1998 deliberat
1229 1960 1275 1998 de
1294 1960 1497 2011 Republica
1512 1977 1523 2007 3

155 2038 270 2075 quam
290 2024 477 2076 poffumus
496 2025 670 2062 Senatum
694 2025 897 2064 nominare.
953 2025 1155 2063 Secundam
1183 2025 1239 2063 ait
1264 2024 1345 2071 este,
1365 2025 1442 2078 περὶ
1461 2024 1526 2070 τοῖς

153 2090 279 2144 ἀρχὰ,
297 2091 395 2131 circa
413 2091 659 2142 magistratus.
713 2093 880 2130 Tertiam
909 2093 1087 2143 appellat,
1106 2093 1145 2130 τὸ
1164 2091 1315 2144 δίκαζον,
1335 2105 1418 2131 earn
1439 2106 1526 2143 quae
1539 2099 1707 2144 mgis-021-

151 2155 315 2193 versatur
341 2155 379 2192 in
402 2153 567 2205 judiciis.
622 2156 770 2193 Harum
790 2169 875 2194 vero
896 2156 1059 2206 partium
1090 2155 1296 2207 principem
1316 2155 1443 2194 statuit
1460 2156 1527 2193 effe
1537 2157 1606 2183 ‘m’
1624 2144 1740 2198 ‘kim’

153 2222 343 2264 Senatum,
361 2218 469 2269 cujus
487 2219 626 2257 scilicet
653 2221 695 2258 fit
720 2221 765 2258 de
788 2220 872 2270 jure
899 2220 987 2257 belli
1014 2220 1051 2257 et
1077 2220 1192 2271 paciS,
1210 2220 1256 2257 de
1276 2220 1526 2267 societatibus,
1538 2200 1732 2265 Ξῖἴλῖἔιΐῦ

152 2285 367 2331 foederibus,
401 2285 556 2336 legibus,
588 2294 719 2331 morte,
747 2285 872 2330 exilio,
899 2286 1082 2323 bonorum
1110 2286 1374 2337 publicatione,
1400 2274 1714 2357 εῐ“τει-;;Ῑ;ῖ;ῗῖ

152 2352 316 2389 tionibus
333 2349 543 2395 referendis,
561 2350 771 2389 deliberare.
826 2351 872 2388 In
891 2352 962 2398 'his
988 2351 1087 2388 enim
1117 2351 1264 2388 summa
1292 2350 1528 2402 Reipublicae
1538 2362 1607 2400 γῆς,
1622 2359 1726 2400 δημεῦ.

1535 2416 1616 2443 ηας,
1632 2417 1684 2434 και

151 2418 265 2469 posita
283 2416 344 2454 est.
399 2415 518 2454 Docet
538 2415 654 2466 igitur
672 2415 883 2454 facultatem
903 2416 1126 2454 deliberandi
1147 2417 1184 2453 in
1204 2417 1356 2454 civitate
1373 2417 1419 2453 de
1437 2428 1523 2466 gra·
1535 2448 1593 2478 ’ὦ
1606 2447 1737 2479 n’aSn-*m

150 2481 300 2520 viffimis
323 2480 420 2518 hisce
446 2481 554 2518 rebus
574 2481 650 2518 imo
675 2481 720 2518 de
746 2482 935 2526 omnibus,
954 2481 1011 2519 vel
1030 2481 1096 2519 effe
1115 2481 1316 2520 conceffam
1335 2482 1523 2526 omnibus,

148 2552 186 2583 et
216 2546 264 2583 fic
297 2545 445 2583 existere
476 2544 665 2594 ῥηματικὸν,
696 2545 768 2583 five
795 2546 972 2597 populare
1001 2546 1227 2592 institutum,
1255 2545 1313 2583 vel
1343 2546 1521 2584 Senatum

146 2610 462 2652 Democraticum,
481 2607 587 2658 cujus
605 2610 723 2647 varios
742 2617 846 2648 notat
866 2611 993 2648 modos
1010 2628 1020 2649 z
1049 2611 1108 2649 vel
1133 2610 1355 2662 quibusdam
1374 2612 1420 2649 de
1436 2623 1521 2649 om-

145 2676 271 2721 nibus,
290 2682 326 2712 et
345 2675 391 2712 fic
405 2674 472 2711 effe
491 2675 668 2712 Senatum
686 2670 968 2725 Oligarchicum
987 2691 996 2714 t
1026 2675 1131 2725 cujus
1158 2676 1272 2714 etiam
1301 2675 1423 2714 multa
1448 2676 1519 2714 fint

145 2752 289 2790 genera,
307 2752 375 2790 pro
392 2739 503 2777 variis
530 2738 759 2789 Oligarchiae
784 2740 977 2790 generibus
995 2755 1003 2779 ε
1034 2740 1093 2778 vel
1112 2740 1285 2778 omnibus
1302 2740 1347 2778 de
1365 2740 1519 2791 quibus-

144 2804 232 2842 dam
253 2818 262 2841 :
293 2810 358 2841 aut
376 2803 597 2855 quibusdam
617 2804 661 2840 de
675 2803 783 2841 certis
801 2805 908 2842 rebus
927 2811 1091 2850 tantum,
1108 2810 1153 2842 ut
1170 2804 1196 2842 fi
1212 2803 1321 2842 liceat
1339 2805 1517 2843 omnibus

140 2868 309 2920 quidem,
340 2868 385 2908 de
414 2868 525 2915 bello,
554 2881 660 2920 pace,
689 2874 727 2907 et
753 2867 981 2920 reposcendis
1005 2869 1211 2908 rationibus
1227 2869 1442 2918 decernere3
1469 2869 1516 2925 de

804 2932 828 2970 d
847 2944 873 2980 4
