1846 3250
415 169 800 213 POLITICORUM
826 168 1192 209 ARISTOTELIS.
1221 169 1254 208 Ι.
1286 180 1322 208 2.
1538 180 1563 207 v

166 284 306 335 quibus
332 297 377 322 ex
406 285 576 336 partibus
605 283 736 322 civitas
764 281 916 321 constet.
974 281 1066 320 Quo
1094 281 1178 320 loco
1206 286 1314 318 notat
1341 280 1561 320 methodum

166 348 423 401 Analyticam,
439 354 477 386 et
496 348 752 400 Syntheticam
770 361 782 384 z
810 345 870 384 sed
890 346 987 383 hanc
1003 345 1064 384 hic
1082 344 1185 396 sequi
1203 344 1361 382 videtur.

668 453 734 494 Ad
752 453 839 507 Cap.
846 453 1048 506 secundum.

219 545 321 582 Rem
353 543 645 582 OEconomicam
683 543 754 580 five
785 541 996 580 societatem
1035 541 1274 579 domesticam
1312 540 1559 591 expositurus,

167 609 235 657 (est
264 601 364 647 enim
393 609 538 661 primus
566 609 626 646 hic
654 608 746 646 liber
771 608 897 659 potius
925 607 1180 646 oeconomicus
1211 620 1328 657 quam
1357 606 1556 657 politicus)

163 674 292 717 statuit
318 675 442 726 primo
465 673 646 711 necessum
675 673 742 711 effe
769 686 828 710 eos
856 673 1051 724 conjungi,
1079 671 1139 710 καὶ
1168 670 1439 724 συνδυάζεσθαι,
1458 684 1555 722 quo-

163 753 247 778 rum
277 741 371 777 alter
399 741 472 777 fine
501 739 616 776 altero
642 738 722 783 effe,
747 738 808 776 seu
831 739 952 776 vivere
981 738 1176 776 commode
1205 751 1280 775 non
1308 737 1437 788 potest.
1497 736 1552 776 Ut

162 804 248 843 sunt
273 817 353 842 mas
383 811 422 842 et
449 803 621 848 foemina,
641 804 708 854 qui
735 808 794 848 τῆς
823 807 976 851 γενέσεως
1005 803 1116 847 ἕνεκεν,
1135 802 1407 853 procurationis
1428 802 1549 853 gratia
1562 804 1758 854 Conjunetio

159 870 395 920 copulantur,
416 876 559 907 naturae
578 868 768 914 instinctu,
788 882 863 906 non
893 873 927 907 ἐκ
957 871 1182 921 προαιρέσεως,
1202 882 1247 906 ex
1265 868 1427 912 consilio,
1446 875 1489 905 ut
1509 868 1547 905 in
1560 851 1774 924 ffifflgztstfoe'

159 935 300 973 caeteris
321 934 587 972 animantibus.
641 934 700 971 Ex
718 947 794 984 quo
817 933 961 984 colligit
987 934 1101 971 maris
1126 940 1163 971 et
1193 932 1363 970 foeminae
1389 932 1548 984 conjun-
1561 937 1728 968 naturalis.

161 999 325 1038 &ionem
345 999 412 1037 esse
430 999 653 1038 naturalem.
708 999 854 1037 Deinde
869 1000 975 1037 docet
993 1012 1037 1037 ea
1055 999 1168 1036 etiam
1196 1006 1340 1036 naturae
1359 999 1439 1049 lege
1457 1012 1548 1037 con-

153 1062 283 1116 jungi,
304 1077 464 1115 quorum
484 1077 604 1102 unum
627 1070 760 1102 natura
781 1064 953 1115 imperat,
972 1065 1128 1102 alterum
1149 1065 1393 1115 obtemperat.
1449 1064 1548 1102 Illud
1560 1063 1750 1113 Prudentior-

135 1137 288 1184 ,autem
309 1130 490 1180 imperare
518 1138 653 1167 natura
683 1130 782 1180 quod
810 1130 1008 1181 prudentia
1035 1130 1259 1180 confilIOque
1277 1129 1482 1180 praecellit3
1512 1139 1548 1168 et
1560 1114 1756 1191 ngtgt[a¹m'

161 1204 286 1234 mente
304 1195 512 1246 plurimum
539 1195 650 1233 valet.
706 1194 975 1246 Obtemperare
1003 1202 1127 1232 autem
1148 1195 1210 1232 seu
1229 1195 1390 1246 imperio
1418 1195 1552 1246 subjici

159 1261 198 1300 id
218 1263 316 1313 quod
336 1274 470 1312 corpus
491 1261 678 1298 robustum
699 1274 722 1298 a
740 1267 874 1298 natura
894 1262 1015 1305 habet,
1034 1269 1078 1298 ut
1096 1260 1201 1311 poffit
1215 1273 1257 1298 ea
1275 1261 1446 1311 praestare
1466 1277 1552 1313 quae

157 1328 223 1366 fibi
254 1329 500 1378 imperantur.
557 1327 669 1365 Unde
700 1325 880 1378 fignificat
912 1327 1082 1364 Herilem
1117 1326 1342 1372 societatem,
1375 1341 1461 1378 quae
1500 1329 1552 1367 est

155 1393 253 1430 inter
272 1394 403 1430 herum
429 1392 693 1443 imperantem,
712 1398 749 1430 et
775 1392 917 1430 servum
947 1394 1282 1444 obtemperantem,
1301 1393 1325 1430 ss
1348 1394 1459 1431 modo
1488 1394 1551 1432 ille

155 1457 283 1497 animo
314 1457 447 1501 valeat,
481 1457 541 1494 hic
573 1470 737 1507 corpore,
770 1456 837 1494 effe
866 1457 980 1494 etiam
1014 1458 1239 1495 naturalem.
1297 1457 1377 1495 Ubi
1408 1466 1551 1514 monet,

154 1522 353 1561 foeminam
382 1522 559 1573 distingui
588 1536 610 1559 a
638 1522 753 1568 serve,
783 1536 849 1574 per
876 1531 1077 1560 naturam:
1108 1536 1243 1574 nempe
1266 1523 1357 1574 quia
1377 1523 1551 1564 foeminae

153 1588 334 1629 naturalis
361 1587 447 1625 usus
474 1588 524 1625 est
551 1588 765 1638 generati03
793 1587 884 1625 servi
906 1594 1044 1632 autem,
1067 1588 1314 1626 ministerium
1343 1602 1548 1628 commune

152 1655 301 1693 domus.
356 1652 463 1694 Οὐθὲν
488 1652 557 1707 ’γαῖς
581 1656 599 1695 ἦ
620 1654 722 1704 φύσις
751 1659 844 1692 ποιεῖ’
862 1659 1020 1700 τοιοῦτον,
1040 1655 1102 1693 οἷον
1127 1657 1349 1705 >gaad-rums
1377 1654 1435 1697 τὴν
1457 1666 1546 1695 Δελ-

153 1718 252 1770 φικὴν
279 1719 462 1770 μάχαιραν
490 1724 666 1772 πενιχρῶς.
721 1719 833 1756 Nihil
862 1719 1004 1770 quippe
1034 1726 1168 1756 natura
1197 1719 1289 1757 facit
1316 1721 1479 1759 tenuiter
1505 1727 1544 1771 ct

152 1798 275 1836 parce,
296 1791 339 1822 ut
367 1784 461 1821 fabri
487 1784 652 1834 gladium
675 1784 920 1835 Delphicum,
940 1798 1016 1834 quo
1043 1784 1236 1823 sacrificuli
1264 1786 1355 1824 olim
1384 1788 1537 1825 uteban·
1555 1790 1689 1824 Gladius

153 1858 216 1887 tur
243 1850 283 1886 in
313 1849 476 1886 victimis
505 1849 724 1893 maetandis,
744 1857 780 1886 et
804 1849 991 1887 carnifices
1022 1851 1060 1887 in
1093 1851 1311 1888 nocentibus
1331 1853 1540 1902 percutien-
1553 1835 1736 1919 ‘Regma‘

149 1915 225 1956 dis;
253 1912 334 1951 ἀλλ’
361 1912 392 1951 ἓν
420 1914 496 1965 πρὸς
523 1911 570 1958 ἓν,
591 1913 649 1950 sed
677 1927 796 1951 unum
823 1915 1131 1963 (instrumentum
1159 1915 1322 1966 supple,)
1344 1918 1390 1955 ad
1418 1932 1540 1957 unum
1634 1903 1643 1911 ⁸

150 1979 291 2024 (usum,
310 1978 457 2029 supple)
475 1986 571 2029 puta
597 1979 791 2016 mulierem
812 1980 857 2016 ad
879 1981 1172 2030 generationem,
1193 1981 1338 2019 servum
1359 1985 1405 2021 ad
1426 1985 1541 2022 mini-

149 2043 297 2081 sterium
331 2056 543 2080 commune.
600 2043 801 2081 Concludit
827 2057 914 2095 ergo
942 2059 961 2082 e
989 2046 1133 2083 duabus
1164 2046 1260 2084 hisce
1289 2046 1540 2091 societatibus,

146 2109 277 2146 uxoria
305 2115 341 2145 et
363 2107 496 2153 servili,
516 2108 699 2145 familiam
728 2109 789 2146 seu
817 2111 975 2147 domum
1005 2111 1130 2161 primo
1154 2111 1340 2150 constare:
1372 2114 1538 2153 Definit-

146 2188 219 2224 que
248 2174 418 2218 domum,
444 2173 652 2211 societatem
682 2175 721 2211 in
751 2188 880 2212 omnes
906 2175 993 2213 vitae
1020 2176 1097 2215 dies
1124 2177 1380 2224 constitutam,
1404 2180 1534 2219 secun-

143 2240 236 2277 dum
269 2244 455 2276 naturam.
511 2238 631 2289 Cujus
661 2240 884 2277 habitatores
913 2248 1062 2279 vocatos
1093 2242 1159 2280 effe
1189 2243 1244 2281 ait
1276 2257 1298 2280 a
1331 2244 1532 2284 Charonda
1543 2250 1675 2288 φιόἵκις.

144 2303 349 2354 legissatore
370 2305 585 2353 ὁμοσιπύους,
603 2305 817 2350 αοηνὶέῗονες,
842 2314 879 2343 et
906 2307 1035 2344 eadem
1062 2300 1148 2345 arca
1175 2310 1330 2359 panaria
1355 2318 1527 2351 utentes:

143 2370 202 2406 vel
221 2369 438 2418 ὄμοκοέπνους,
457 2369 584 2406 eodem
613 2368 695 2407 foco
723 2371 835 2409 etiam
865 2379 1023 2415 utentes,
1043 2374 1089 2409 ab
1109 2373 1334 2423 Epimenide
1353 2375 1530 2417 Cretenfi.

141 2435 245 2472 Tum
273 2433 403 2471 definit
425 2433 547 2483 κώμην,
568 2435 710 2480 vicum,
732 2437 894 2486 primam
923 2436 1131 2475 societatem
1162 2453 1181 2475 e
1209 2440 1380 2489 pluribus
1408 2442 1532 2480 domi-

141 2499 210 2535 bus
230 2497 445 2543 conflatam,
465 2497 620 2549 alicujus
642 2500 793 2549 quidem
812 2501 900 2538 boni
919 2508 955 2538 et
975 2502 1061 2539 usus
1081 2503 1204 2553 gratia
1221 2519 1229 2541 ε
1261 2503 1320 2542 sed
1339 2519 1414 2543 non
1435 2521 1530 2557 quo-

139 2563 270 2600 tidiani
287 2578 296 2600 :
328 2563 417 2612 quia
436 2563 502 2612 qui
528 2563 565 2600 in
591 2564 717 2601 eodem
738 2566 821 2602 vico
840 2574 994 2604 manent
1015 2581 1088 2604 non
1109 2569 1275 2618 quotidie
1295 2570 1360 2607 fibi
1381 2572 1527 2620 adsunt,

137 2635 182 2666 ut
201 2629 266 2679 qui
288 2628 326 2665 in
346 2629 471 2665 eadem
492 2628 638 2666 familia
656 2630 801 2668 vivunt.
856 2631 937 2669 Effe
956 2646 1041 2670 vero
1060 2633 1180 2683 κώμην,
1200 2635 1338 2679 vicum,
1358 2639 1524 2678 ἀποικίαν
1538 2646 1572 2678 τί
1583 2648 1681 2690 κόμη,

137 2698 258 2741 οἰκίας,
278 2697 464 2734 coloniam
493 2697 660 2748 aliquam
692 2699 825 2736 domus
851 2698 1050 2738 secundum
1080 2709 1270 2748 naturam,
1290 2717 1375 2754 quae
1403 2707 1524 2744 conti-

135 2769 225 2799 ·neat
253 2760 543 2812 consanguineos
574 2768 611 2799 et
641 2763 900 2808 collaetaneos,
930 2766 1190 2814 ὁμογάλακτας,
1220 2767 1287 2817 qui
1318 2767 1455 2808 scilicet
1484 2772 1525 2810 in

136 2827 263 2867 eadem
293 2826 405 2865 domo
424 2826 576 2865 fuerunt
601 2827 705 2879 prius
732 2829 900 2874 enutriti,
919 2830 1051 2868 deinde
1079 2844 1165 2869 vero
1192 2831 1232 2869 in
1260 2833 1352 2871 alias
1380 2836 1524 2882 domos,

799 2905 821 2931 ²
840 2905 863 2942 3
