1904 3308
434 149 576 187 xxxviii
803 151 1058 205 SYNYORSIS
1074 153 1397 200 ANALYTICA
1411 190 1413 192 .

433 258 642 308 reipublicae
657 258 819 296 conferat
833 276 845 306 5
860 267 917 304 vut
936 260 1034 298 enim
1054 261 1092 298 in
1111 262 1248 300 artibus
1264 277 1275 307 3
1303 262 1353 302 fic
1367 267 1403 299 et
1422 260 1460 298 in
1476 260 1640 305 Politica,
1657 258 1720 304 ubi
1738 257 1782 312 fit

431 323 671 373 comparatio,
690 324 773 362 usus
800 325 953 375 finisque
972 325 1048 375 ejus
1068 327 1131 370 rei,
1149 326 1277 364 artisve
1304 327 1342 364 in
1374 312 1448 376 qua
1473 326 1517 364 fit
1542 313 1781 376 comparatio,

433 386 584 436 speetari
605 388 757 425 omnino
783 389 911 431 debet;
940 396 1068 426 caetera
1097 396 1233 434 autem,
1251 403 1336 440 quae
1363 390 1456 427 nihil
1487 391 1532 427 ad
1558 402 1633 426 rem
1660 387 1782 425 confe-

434 456 533 494 runt,
561 450 809 500 relinquenda.
862 452 972 490 Unde
1000 453 1102 490 ficuti
1130 453 1167 490 in
1195 459 1270 490 arte
1298 453 1470 490 tibiarum
1492 453 1516 489 fi
1534 453 1606 491 duo
1633 456 1783 494 certent,

433 526 590 562 quorum
619 514 709 552 alter
734 515 874 565 optime
901 522 1022 559 canat,
1042 517 1084 553 fit
1103 523 1224 553 tamen
1243 516 1403 566 plebeius
1412 531 1423 559 ;
1447 516 1537 553 alter
1563 515 1649 553 artis
1675 514 1784 552 tibia-

433 588 516 613 rum
535 577 579 614 fit
597 577 801 628 imperitus,
830 592 896 615 nec
923 585 1007 629 apte
1033 592 1159 616 canere
1183 579 1299 629 poffit,
1319 579 1384 629 qui
1411 587 1535 616 tamen
1554 580 1597 616 fit
1622 578 1781 624 nobilis,

434 650 510 676 non
529 640 613 677 huic
640 641 811 691 imperito
838 642 922 678 licet
953 643 1082 687 nobili,
1100 642 1157 679 sed
1186 643 1240 679 illi
1266 643 1344 680 dari
1371 643 1503 680 debent
1531 642 1632 679 tibiae
1656 641 1784 678 melio-

433 716 487 741 res
504 719 515 749 ;
545 705 632 753 quia
648 718 779 755 nempe
806 706 851 742 ad
877 705 983 743 usum
1009 707 1111 751 artis,
1131 706 1167 743 id
1186 707 1234 744 est
1253 707 1298 743 ad
1316 707 1541 751 tibicinium,
1561 705 1656 742 nihil
1676 704 1785 754 juvat

432 767 629 814 nobilitas3
660 769 705 805 fic
733 775 769 805 et
797 769 835 806 in
863 781 899 806 re
926 768 1026 814 civili
1056 783 1128 806 non
1159 770 1208 806 est
1237 771 1401 807 habenda
1430 770 1523 807 ratio
1549 781 1673 806 eorum
1701 780 1785 818 quae

432 830 527 878 nihil
557 832 602 868 ad
631 832 789 870 civitatis
817 833 954 870 bonum
987 833 1192 879 conferunt,
1222 839 1265 870 ut
1292 834 1531 884 proceritati3‚
1557 833 1614 870 vel
1640 832 1783 877 formae,

433 894 498 930 nisi
519 908 570 931 eae
589 895 786 933 virtutibus
806 894 990 945 adjune‘tae
1008 897 1088 942 (int.
1141 898 1244 934 Hinc
1269 897 1409 947 colligit
1426 910 1500 934 non
1518 897 1581 933 abs
1600 909 1638 934 re
1655 896 1700 933 de
1717 896 1784 935 ho-

432 958 581 995 noribus
607 959 776 996 civilibus
804 961 1017 1004 contendere
1043 960 1193 1005 nobiles,
1211 960 1517 1005 liberos‚‚divites,
1534 960 1669 997 virtute
1690 950 1787 1009 prae--

432 1022 540 1066 ditos,
573 1029 608 1059 et
640 1023 776 1060 multos
804 1036 889 1069 cum
922 1024 1048 1074 paucis
1075 1032 1318 1074 comparatos.
1371 1025 1427 1062 Hi
1453 1024 1552 1061 enim
1577 1035 1702 1062 omnes
1721 1021 1785 1073 jus

434 1086 617 1135 quoddam
650 1087 894 1124 contentionis
927 1088 1053 1133 habere
1084 1088 1278 1125 videntur:
1308 1101 1394 1125 cum
1425 1087 1609 1132 nobilitas,
1629 1087 1787 1131 libertas,

433 1149 586 1198 divitiae,
609 1150 738 1197 virtus,
758 1151 956 1188 multitudo
974 1152 1018 1188 ad
1038 1151 1225 1189 civitatem
1244 1151 1404 1189 conferre
1421 1152 1626 1205 credantur,

868 1255 929 1294 Ad
949 1257 1034 1308 Cap.
1054 1256 1358 1296 decimumtertium.

488 1341 626 1386 Statuit
653 1355 697 1379 ex
726 1341 771 1379 iis
797 1341 937 1386 civibus
965 1342 1073 1392 supra
1098 1342 1407 1386 commemoratis,
1426 1341 1556 1379 divites
1583 1340 1731 1391 quidem
1749 1347 1787 1378 et

434 1404 572 1451 nobiles
606 1405 675 1442 five
707 1405 883 1456 ingenuos
917 1407 1026 1455 (quos
1057 1411 1092 1442 et
1123 1409 1368 1457 γενναιοτέρους,
1403 1405 1638 1455 generosiores
1669 1411 1794 1450 vocat,

435 1471 534 1525 quod
563 1474 720 1518 εὐγένεια,
741 1469 838 1521 ἀρετὴ
864 1473 983 1517 γένους,
1002 1469 1186 1518 nobilitas,
1205 1471 1245 1506 sit
1273 1470 1386 1506 virtus
1414 1469 1572 1519 generis)
1593 1470 1638 1506 ad
1659 1470 1727 1507 hoc
1744 1475 1788 1505 ut

437 1532 480 1572 fit
498 1535 710 1585 simpliciter
738 1535 882 1578 civitas,
904 1533 988 1581 jure
1014 1535 1251 1571 contendere:
1281 1546 1368 1570 nam
1394 1534 1438 1570 ad
1466 1532 1664 1583 τιμῆμοιτα,
1683 1532 1720 1569 id
1738 1531 1790 1572 est

435 1588 575 1636 tributa
604 1598 831 1641 conferenda,
851 1611 942 1648 opus
971 1597 1019 1634 est
1050 1597 1225 1634 divitibus
1240 1612 1251 1643 3
1281 1603 1317 1634 et
1343 1597 1471 1635 civitas
1495 1609 1568 1633 non
1595 1597 1644 1634 est
1670 1596 1788 1634 servo·

437 1675 535 1707 rum,
554 1662 610 1700 sed
629 1663 825 1699 liberorum
847 1662 993 1698 societas
1008 1677 1018 1707 3
1049 1668 1092 1698 ut
1119 1674 1202 1698 vero
1229 1661 1271 1698 fit
1297 1662 1402 1698 beata
1428 1660 1570 1706 civitas,
1585 1659 1716 1710 justius
1743 1660 1788 1697 de

437 1726 636 1763 honoribus
663 1726 824 1763 Politicis
852 1726 1026 1762 virtutem
1056 1725 1280 1762 contendere.
1336 1725 1447 1762 Quod
1475 1725 1498 1760 fi
1527 1725 1716 1773 contingat
1747 1723 1787 1760 in

437 1803 512 1827 una
541 1791 689 1827 civitate
718 1802 844 1826 omnes
874 1788 954 1826 illos
983 1789 1125 1825 ordines
1151 1801 1373 1832 concurrere,
1399 1787 1571 1831 divitum,
1594 1787 1789 1830 nobilium,

437 1855 633 1900 bonorum,
664 1853 942 1898 multitudinis,
980 1853 1134 1889 dubium
1167 1852 1294 1895 videri,
1328 1852 1488 1888 cuinam
1513 1852 1634 1901 potius
1669 1850 1790 1888 ordIni

436 1917 597 1955 conferre
628 1917 791 1967 publicos
822 1917 974 1953 honores
1009 1922 1045 1952 et
1079 1915 1311 1964 magistratus
1346 1916 1537 1964 oporteat?
1579 1913 1788 1964 Respondet

438 1979 583 2025 nullum
602 1980 687 2017 satis
706 1980 770 2017 effe
791 1980 959 2017 idoneum
981 1979 1027 2016 ad
1045 1991 1170 2015 omnes
1191 1978 1421 2028 magistratus
1438 1978 1502 2015 fibi
1521 1977 1787 2014 vendicandos·
1776 1993 1788 2023 ;
1806 1968 1810 1972 Α

438 2051 477 2083 et
494 2044 614 2090 statim
635 2045 746 2090 aliam
767 2049 888 2088 movet
906 2042 1163 2093 quaestionem,
1176 2056 1195 2078 e
1213 2041 1316 2091 cujus
1344 2042 1519 2079 solutione
1537 2042 1637 2091 prior
1655 2040 1790 2078 intelli·
1811 2092 1813 2094 q

396 2103 397 2106 ¹
441 2099 573 2158 gaturj
603 2108 815 2152 Debeantne
841 2107 937 2156 leges
967 2104 1165 2150 reetiffirnae
1191 2105 1388 2142 utilitatem
1415 2106 1594 2148 bonorum
1622 2104 1792 2155 spectare,

229 2166 378 2207 Spefflm-

230 2210 309 2240 dum
324 2218 412 2240 com-

230 2261 329 2282 mune
341 2261 411 2282 om-

231 2295 325 2324 nium
341 2294 397 2324 bo-

230 2345 323 2369 num.

442 2166 491 2210 an
510 2173 633 2222 potius
654 2171 929 2210 multitudinis?
959 2164 1095 2207 Statuit
1119 2182 1192 2206 non
1211 2168 1319 2218 hujus
1338 2175 1401 2206 aut
1419 2160 1515 2206 illiue
1534 2170 1715 2205 duntaxat
1733 2181 1794 2205 or·
1807 2159 1817 2219 γ’

442 2236 539 2274 dinis
557 2236 772 2280 utilitatem,
787 2235 845 2275 sed
863 2233 1044 2278 omnium,
1059 2232 1096 2271 id
1114 2233 1162 2270 est
1181 2234 1293 2270 totius
1313 2233 1540 2283 Reipublicae
1557 2221 1791 2270 communem

443 2300 675 2351 spthandam
699 2299 779 2338 effe.
831 2299 932 2336 Tum
960 2297 1078 2334 civem
1105 2298 1305 2346 generatim
1324 2297 1375 2334 ait
1393 2296 1459 2334 effe
1475 2309 1572 2340 eum,
1591 2295 1657 2345 qui
1675 2296 1793 2345 impe-

443 2378 521 2402 rare
548 2363 697 2407 viciffim
725 2369 760 2401 et
791 2375 913 2413 parere
941 2363 1068 2413 potest,
1097 2364 1112 2397 ὃ
1142 2378 1290 2412 μετεχων
1308 2377 1364 2398 του
1391 2378 1507 2413 αςχειν
1527 2359 1583 2397 καὶ
1606 2358 1794 2413 αρχεσθαι.

442 2428 545 2470 Effe
560 2441 644 2471 vero
681 2428 719 2464 in
752 2426 823 2482 alia
855 2425 1060 2478 Republica
1090 2425 1220 2480 alium,
1254 2437 1321 2475 pro
1352 2424 1580 2476 Reipublicae
1609 2423 1793 2475 varietate.

444 2488 553 2530 Alius
581 2483 681 2528 enim
709 2490 758 2527 est
784 2490 875 2527 civis
901 2480 1114 2533 Basilicus,
1106 2502 1144 2526 m
1163 2501 1296 2543 regno3
1326 2488 1418 2525 alius
1444 2487 1735 2544 Democraticus,
1755 2486 1795 2523 in
1821 2532 1823 2535 ι

443 2543 691 2593 Democratia.
744 2554 788 2592 In
812 2553 975 2607 optima
981 2558 1103 2590 autem
1128 2551 1194 2589 effe
1220 2564 1319 2596 eum,
1338 2551 1403 2601 qui
1423 2539 1524 2604 poffit
1543 2540 1579 2587 et
1596 2550 1684 2589 velit
1701 2562 1809 2601 prae-¹

443 2619 509 2675 effe
539 2625 576 2656 et
607 2617 763 2668 subjici;
793 2617 970 2668 imperare
997 2623 1032 2654 et
1051 2629 1199 2668 parere,
1230 2615 1412 2670 proposita
1438 2615 1501 2652 fibi
1531 2614 1618 2653 vitae
1639 2613 1797 2667 ratione,
1843 2658 1845 2661 ι

445 2696 530 2733 quae
548 2683 591 2719 fit
608 2682 737 2719 virtuti
755 2679 1004 2719 consentanea.
1821 2668 1823 2675 '

498 2747 681 2798 supponit
713 2747 889 2798 insignem
918 2735 1155 2802 quaestionem
1182 2744 1227 2782 de
1255 2744 1389 2798 honore
1411 2741 1573 2796 summo,
1592 2741 1648 2796 vel
1667 2752 1797 2797 ,mssgl‘
