1904 3308
483 214 585 251 lxxvi
875 215 1114 254 sYNOPSIS
1142 217 1218 254 AN
1223 215 1459 255 ALYTICA

480 328 688 367 armaturae,
709 323 870 361 ordinem
891 324 1056 368 velitum,
1076 325 1144 360 sive
1162 323 1434 362 ferentariorum
1462 326 1517 362 vel
1543 326 1684 362 levioris
1701 338 1820 362 arma·

480 393 584 428 turae,
610 391 645 422 et
671 387 834 423 ordinem
862 387 1047 424 navalium
1076 389 1144 424 slve
1171 387 1434 426 claffiariorurn.
1486 389 1623 432 Tertio,
1642 390 1764 426 statuit
1781 390 1819 426 in

478 461 520 484 ea
545 449 688 498 regione
712 450 963 499 Oligarchiam
998 451 1128 488 fortem
1155 453 1223 488 slve
1250 451 1491 501 graviffimam
1520 466 1561 490 ac
1586 455 1819 491 deterrimam

478 512 571 561 poffe
590 513 773 557 constitui,
793 514 830 550 in
850 527 921 562 qua
940 515 1122 563 equitatus
1152 515 1267 552 facilis
1295 515 1368 560 est3
1399 516 1579 565 multique
1596 530 1707 566 equos
1727 517 1818 554 alere

476 575 633 624 possunt,
664 590 758 626 quos
788 576 918 613 scilicet
954 578 1055 614 valde
1086 578 1216 615 divites
1247 577 1312 614 esse
1342 585 1518 627 oporteat.
1573 580 1731 622 Quarto,
1767 580 1818 617 ibi

476 638 681 687 proximam
709 639 975 689 Oligarchiam,
999 654 1080 690 quae
1108 641 1219 690 priori
1250 641 1464 678 moderatior
1481 642 1543 687 est,
1563 649 1598 679 et
1617 644 1733 692 magis
1754 657 1817 692 po-

475 702 625 752 pularis,
645 702 739 752 posse
766 702 911 740 fundari
927 719 938 749 5
968 704 1029 741 ubi
1058 704 1158 753 regio
1186 705 1231 740 ad
1259 705 1394 754 pedites
1422 706 1597 754 gravioris
1624 713 1817 744 armatura

475 766 593 815 magis
611 766 659 803 est
678 767 950 803 accommodata
966 782 974 804 ε
1006 766 1195 817 Ejusmodi
1222 768 1394 817 siquidem
1416 770 1550 807 milites
1569 783 1587 806 e
1606 770 1818 818 locupletio-

473 828 571 864 ribus
591 830 711 878 potius
729 829 794 866 effe
812 843 925 879 quam
944 843 987 866 ex
1005 831 1193 880 egentibus
1211 846 1220 868 ι
1248 844 1332 868 cum
1353 833 1479 870 multis
1498 834 1611 883 copiis
1629 841 1665 870 et
1685 832 1814 870 instru-

473 894 605 929 mentis
637 905 728 943 opus
756 894 811 937 fit,
838 894 883 930 ad
911 906 1059 943 gravem
1087 894 1188 932 illam
1215 903 1450 932 armaturam.
1505 897 1663 940 Quinto,
1691 897 1819 933 velites

473 957 541 992 sive
559 956 702 994 levioris
720 963 913 995 armaturae
931 958 1078 1002 milites,
1097 971 1187 1007 quos
1214 965 1320 996 vocat
1346 959 1480 1007 ψρλοὺς,
1499 961 1597 1010 quasi
1625 961 1739 997 nudos
1756 960 1813 997 vel

473 1026 626 1062 tenues;
653 1020 812 1070 itemque
842 1024 1006 1059 nauticos
1036 1022 1105 1059 five
1133 1021 1334 1065 classiarios,
1364 1023 1606 1061 Democratiae
1638 1023 1703 1060 effe
1735 1023 1812 1060 ido-

471 1092 570 1120 neos,
624 1084 735 1121 Quod
763 1097 892 1134 nempe
919 1085 1041 1121 velites
1067 1090 1104 1121 et
1129 1085 1290 1122 claffiarii
1314 1087 1381 1122 sint
1406 1100 1425 1123 e
1451 1087 1688 1124 tenuioribus.
1743 1086 1811 1125 Sed

470 1158 516 1182 ue
534 1159 577 1182 ex
598 1147 767 1184 velitibus
785 1154 822 1184 et
839 1147 1031 1191 claffiariis,
1058 1148 1081 1184 fi
1109 1146 1201 1184 forte
1228 1148 1254 1184 ii
1283 1148 1320 1185 in
1348 1149 1550 1198 Republica
1576 1149 1812 1198 Oligarchica

470 1211 668 1255 abundent,
695 1211 813 1248 ullum
843 1211 967 1248 existat
995 1212 1270 1256 detrimentum,
1290 1212 1354 1262 qui
1382 1211 1514 1250 scilicet
1539 1212 1644 1250 facile
1661 1213 1808 1262 Oligar-

467 1275 589 1312 chiam
608 1283 833 1312 commutare
851 1275 987 1324 poffent
1007 1275 1043 1312 in
1063 1276 1350 1320 Democrafiam,
1371 1277 1539 1314 admonet
1563 1277 1687 1314 velites
1704 1277 1807 1326 equi-

466 1345 547 1376 tum
568 1339 711 1384 turmis,
730 1346 766 1376 et
784 1339 948 1389 peditum
960 1339 1168 1389 'legionibus
1185 1346 1288 1376 caute
1308 1340 1572 1390 prudenterque
1591 1340 1656 1377 effe
1674 1340 1807 1378 admis-

464 1403 609 1448 cendos,
630 1410 811 1452 quantum
840 1403 973 1440 scilicet
1001 1416 1092 1453 opus
1118 1401 1184 1440 effe
1212 1403 1416 1449 videbitur;
1446 1411 1554 1453 atque
1580 1417 1638 1441 eos
1657 1405 1806 1454 quidem

464 1478 537 1502 non
557 1479 600 1503 ex
620 1466 696 1517 ipsa
720 1468 836 1516 plebe,
858 1480 940 1516 quae
966 1467 1012 1504 ad
1039 1468 1309 1506 Democratiam
1336 1467 1384 1504 est
1411 1467 1594 1518 proclivis,
1612 1468 1669 1504 sed
1686 1480 1732 1505 ex
1753 1468 1808 1505 lo-

463 1529 705 1579 cupletiorum
737 1530 1028 1580 nobiliorumque
1059 1531 1208 1568 familiis
1239 1531 1304 1568 effe
1333 1530 1569 1574 affumendos,
1596 1531 1723 1580 eosque
1751 1531 1805 1569 id·

463 1593 558 1630 circo
576 1607 597 1631 a
622 1601 742 1631 tenera
771 1600 877 1631 aetate
904 1594 1174 1640 velitationibus
1201 1597 1268 1633 five
1298 1595 1489 1632 levioribus
1520 1594 1592 1631 illis
1619 1607 1804 1634 armorum

461 1657 588 1694 officiis
607 1658 673 1695 effe
691 1658 914 1695 exercendos
967 1658 1087 1695 Postea
1105 1658 1210 1708 ponit
1237 1658 1444 1695 institutum
1462 1657 1736 1707 Oligarchicum
1760 1659 1804 1696 de

462 1719 694 1758 adsciscendis
712 1721 858 1770 plebeiis
886 1721 931 1757 ad
959 1721 1165 1771 reipublicae
1190 1721 1535 1758 administrationem
1556 1736 1565 1758 ε
1595 1722 1620 1757 fi
1640 1722 1806 1760 videlicet

461 1783 568 1822 censu
588 1785 761 1827 maximo,
792 1790 828 1822 et
856 1784 919 1834 qui
947 1785 991 1821 ad
1020 1784 1246 1834 magistratus
1274 1783 1434 1821 summos
1453 1783 1619 1828 sufficiat,
1638 1785 1803 1823 iustruffl

460 1848 542 1891 fint,
560 1849 613 1885 vel
634 1849 658 1885 fi
678 1854 774 1884 certo
792 1854 965 1897 tempore,
984 1855 1074 1897 puta
1098 1848 1221 1884 decem
1249 1853 1312 1884 aut
1338 1847 1471 1896 viginti
1489 1847 1594 1884 annis
1613 1860 1634 1884 a
1653 1847 1802 1886 sordidis

459 1913 597 1950 artibus
616 1911 868 1949 abstinuerint:
888 1911 943 1948 vel
959 1911 982 1947 fi
998 1911 1156 1948 maxime
1175 1911 1292 1948 idonei
1302 1910 1523 1960 judicentur,
1535 1912 1598 1960 qui
1613 1912 1802 1962 Rempub·

459 1977 567 2014 licam
593 1964 860 2013 administrent(
909 1975 1026 2013 Addit
1043 1975 1078 2012 in
1100 1975 1303 2025 Republica
1328 1974 1563 2027 Oligarchica
1589 1975 1714 2012 debere
1741 1989 1800 2014 eos

460 2039 526 2088 qui
545 2038 704 2076 summos
723 2043 852 2088 gerunt
877 2037 1119 2086 magistram,
1138 2050 1247 2074 onera
1272 2036 1506 2087 sumptusque
1532 2038 1710 2087 publiceS,
1733 2049 1801 2076 λει-

458 2105 610 2155 τουργίας
627 2109 746 2146 vocat,
765 2101 960 2151 magnifice
986 2101 1164 2146 sustinere,
1181 2113 1337 2150 magnas
1363 2101 1493 2138 scilicet
1511 2101 1627 2139 facere
1654 2103 1798 2152 impen-

456 2166 509 2202 sas
529 2166 565 2202 in
585 2165 780 2210 sacrifieiis,
800 2165 967 2214 operibus
995 2164 1162 2214 publicis,
1182 2163 1359 2209 aedificiis,
1378 2164 1515 2207 statuis,
1531 2165 1692 2214 templis,
1708 2179 1797 2215 epu-

454 2230 514 2274 lis,
546 2237 583 2266 et
609 2230 784 2266 similibus
811 2229 911 2265 urbis
940 2229 1190 2274 ornamentis;
1217 2235 1260 2265 ut
1291 2229 1357 2265 hac
1383 2235 1459 2265 arte
1482 2234 1518 2265 et
1546 2227 1798 2268 munificentia

455 2291 613 2343 populus
630 2292 852 2335 concilietur,
872 2298 980 2341 atque
1007 2305 1030 2329 a
1054 2291 1209 2341 gerendo
1236 2291 1448 2341 magistratu
1467 2291 1712 2341 supremisque
1731 2294 1797 2330 ho-

454 2357 601 2395 noribus
628 2362 732 2394 tanta
758 2355 958 2406 profusione
975 2356 1108 2405 emptis
1135 2356 1329 2404 prudenter
1346 2361 1518 2393 arceatur.
1573 2355 1685 2393 Quod
1704 2370 1796 2406 prae-

451 2426 599 2470 ceptum
631 2420 677 2456 ab
706 2419 750 2456 iis
780 2419 932 2456 minime
963 2418 1191 2456 observatum
1219 2418 1320 2455 fuiffe
1350 2419 1416 2462 ait,
1447 2418 1512 2468 qui
1540 2417 1594 2455 sui
1621 2419 1795 2468 temporis

451 2482 681 2532 Oligarchias
709 2482 894 2525 tenebant,
925 2481 990 2531 qui
1019 2481 1195 2518 nimirum
1223 2480 1383 2525 divitias,
1400 2480 1591 2531 quaestum,
1616 2488 1652 2518 et
1679 2482 1793 2519 hono·

453 2558 528 2583 rem
547 2546 628 2597 pari
643 2545 756 2583 studio
774 2544 1071 2583 consediarentur.

946 2649 1009 2687 Ad
1026 2649 1111 2700 Cap.
1129 2651 1299 2688 ofiavum.

504 2738 598 2787 Agit
613 2738 657 2775 de
675 2736 952 2787 Magistratibus
975 2735 1050 2787 περὶ
1069 2739 1192 2787 otmar,
1210 2748 1407 2784 eorumque
1433 2734 1622 2785 generibus
1647 2740 1684 2772 et
1709 2745 1801 2785 par:

452 2802 562 2839 tibus.
616 2802 754 2846 Primo,
773 2800 920 2851 quidem
940 2800 986 2838 de
1004 2800 1183 2838 civilibus.
1201 2853 1204 2857 ἡ
1236 2799 1412 2844 Secundo,
1429 2799 1473 2837 de
1491 2797 1609 2837 sacris.
1653 2798 1795 2842 Tertio,
