<?xml version="1.0" encoding="UTF-8"?>
<!DOCTYPE html PUBLIC "-//W3C//DTD XHTML 1.0 Transitional//EN"
    "http://www.w3.org/TR/xhtml1/DTD/xhtml1-transitional.dtd">
<html xmlns="http://www.w3.org/1999/xhtml" xml:lang="en" lang="en">
 <head>
  <title>
</title>
<meta http-equiv="Content-Type" content="text/html;charset=utf-8" />
  <meta name='ocr-system' content='tesseract 3.04.00' />
  <meta name='ocr-capabilities' content='ocr_page ocr_carea ocr_par ocr_line ocrx_word'/>
</head>
<body>
  <div class='ocr_page' id='page_1' title='image "./politicagreeklat01arisuoft_0028.png"; bbox 0 0 1846 3250; ppageno 0'>
   <div class='ocr_carea' id='block_1_1' title="bbox 390 191 1367 236">
    <p class='ocr_par' dir='ltr' id='par_1_1' title="bbox 390 191 1367 236">
     <span class='ocr_line' id='line_1_1' title="bbox 390 191 1367 236; baseline 0 -1"><span class='ocrx_word' id='word_1_1' title='bbox 390 197 456 235; x_wconf 64' lang='lat' dir='ltr'>xiv</span> <span class='ocrx_word' id='word_1_2' title='bbox 774 194 1018 236; x_wconf 84' lang='lat' dir='ltr'>SYNOPSIS</span> <span class='ocrx_word' id='word_1_3' title='bbox 1043 191 1367 236; x_wconf 81' lang='lat' dir='ltr'>ANALYTICA</span> 
     </span>
    </p>
   </div>
   <div class='ocr_carea' id='block_1_2' title="bbox 182 294 1751 2270">
    <p class='ocr_par' dir='ltr' id='par_1_2' title="bbox 182 294 1751 2270">
     <span class='ocr_line' id='line_1_2' title="bbox 392 294 1745 357; baseline -0.001 -16"><span class='ocrx_word' id='word_1_4' title='bbox 392 317 483 342; x_wconf 86' lang='lat' dir='ltr'>nam</span> <span class='ocrx_word' id='word_1_5' title='bbox 499 303 572 342; x_wconf 87' lang='lat' dir='ltr'>dici</span> <span class='ocrx_word' id='word_1_6' title='bbox 586 306 711 343; x_wconf 88' lang='lat' dir='ltr'>debere</span> <span class='ocrx_word' id='word_1_7' title='bbox 729 313 870 357; x_wconf 86' lang='lat' dir='ltr'>partem</span> <span class='ocrx_word' id='word_1_8' title='bbox 889 307 1136 350; x_wconf 80' lang='lat' dir='ltr'>oeconomicae,</span> <span class='ocrx_word' id='word_1_9' title='bbox 1154 319 1238 343; x_wconf 89' lang='lat' dir='ltr'>cum</span> <span class='ocrx_word' id='word_1_10' title='bbox 1257 318 1324 356; x_wconf 89' lang='lat' dir='ltr'>par</span> <span class='ocrx_word' id='word_1_11' title='bbox 1340 305 1412 342; x_wconf 88' lang='lat' dir='ltr'>fere</span> <span class='ocrx_word' id='word_1_12' title='bbox 1428 305 1593 343; x_wconf 83' lang='lat' dir='ltr'>videatur</span> <span class='ocrx_word' id='word_1_13' title='bbox 1609 294 1745 340; x_wconf 60' lang='lat' dir='ltr'>utrius²</span> 
     </span>
     <span class='ocr_line' id='line_1_3' title="bbox 394 368 1744 421; baseline -0.002 -16"><span class='ocrx_word' id='word_1_14' title='bbox 394 379 467 418; x_wconf 90' lang='lat' dir='ltr'>que</span> <span class='ocrx_word' id='word_1_15' title='bbox 487 368 526 406; x_wconf 88' lang='lat' dir='ltr'>in</span> <span class='ocrx_word' id='word_1_16' title='bbox 543 369 685 408; x_wconf 87' lang='lat' dir='ltr'>familia</span> <span class='ocrx_word' id='word_1_17' title='bbox 710 371 903 415; x_wconf 82' lang='lat' dir='ltr'>neceffitas,</span> <span class='ocrx_word' id='word_1_18' title='bbox 920 383 1052 421; x_wconf 81' lang='lat' dir='ltr'><strong>nempe</strong></span> <span class='ocrx_word' id='word_1_19' title='bbox 1076 371 1193 408; x_wconf 59' lang='lat' dir='ltr'>victus</span> <span class='ocrx_word' id='word_1_20' title='bbox 1213 377 1249 407; x_wconf 88' lang='lat' dir='ltr'>et</span> <span class='ocrx_word' id='word_1_21' title='bbox 1267 368 1442 407; x_wconf 71' lang='lat' dir='ltr'>sanitatis,</span> <span class='ocrx_word' id='word_1_22' title='bbox 1496 369 1606 406; x_wconf 79' lang='lat' dir='ltr'>Quod</span> <span class='ocrx_word' id='word_1_23' title='bbox 1631 368 1744 404; x_wconf 78' lang='lat' dir='ltr'>etiam</span> 
     </span>
     <span class='ocr_line' id='line_1_4' title="bbox 393 431 1746 479; baseline -0.001 -11"><span class='ocrx_word' id='word_1_24' title='bbox 393 431 573 469; x_wconf 82' lang='lat' dir='ltr'>diceretur</span> <span class='ocrx_word' id='word_1_25' title='bbox 589 433 633 470; x_wconf 87' lang='lat' dir='ltr'>de</span> <span class='ocrx_word' id='word_1_26' title='bbox 651 434 788 472; x_wconf 84' lang='lat' dir='ltr'>artibus</span> <span class='ocrx_word' id='word_1_27' title='bbox 814 435 1024 479; x_wconf 82' lang='lat' dir='ltr'>neceffariis,</span> <span class='ocrx_word' id='word_1_28' title='bbox 1041 433 1188 478; x_wconf 78' lang='lat' dir='ltr'>sutoria,</span> <span class='ocrx_word' id='word_1_29' title='bbox 1210 433 1358 470; x_wconf 86' lang='lat' dir='ltr'>sartoria</span> <span class='ocrx_word' id='word_1_30' title='bbox 1385 439 1421 470; x_wconf 81' lang='lat' dir='ltr'>et</span> <span class='ocrx_word' id='word_1_31' title='bbox 1446 432 1635 470; x_wconf 76' lang='lat' dir='ltr'>smilibus.</span> <span class='ocrx_word' id='word_1_32' title='bbox 1688 431 1746 467; x_wconf 67' lang='lat' dir='ltr'>A:</span> 
     </span>
     <span class='ocr_line' id='line_1_5' title="bbox 395 493 1746 542; baseline -0.001 -11"><span class='ocrx_word' id='word_1_33' title='bbox 395 507 505 532; x_wconf 87' lang='lat' dir='ltr'>nemo</span> <span class='ocrx_word' id='word_1_34' title='bbox 535 503 628 533; x_wconf 85' lang='lat' dir='ltr'>artes</span> <span class='ocrx_word' id='word_1_35' title='bbox 657 498 721 533; x_wconf 85' lang='lat' dir='ltr'>has</span> <span class='ocrx_word' id='word_1_36' title='bbox 747 497 831 534; x_wconf 86' lang='lat' dir='ltr'>licet</span> <span class='ocrx_word' id='word_1_37' title='bbox 856 497 1076 542; x_wconf 79' lang='lat' dir='ltr'>necessarias,</span> <span class='ocrx_word' id='word_1_38' title='bbox 1103 497 1234 534; x_wconf 83' lang='lat' dir='ltr'>merito</span> <span class='ocrx_word' id='word_1_39' title='bbox 1259 497 1392 533; x_wconf 83' lang='lat' dir='ltr'>dixerit</span> <span class='ocrx_word' id='word_1_40' title='bbox 1417 495 1484 532; x_wconf 83' lang='lat' dir='ltr'>effe</span> <span class='ocrx_word' id='word_1_41' title='bbox 1509 493 1746 532; x_wconf 80' lang='lat' dir='ltr'>oeconomicae</span> 
     </span>
     <span class='ocr_line' id='line_1_6' title="bbox 394 556 1745 612; baseline -0.003 -16"><span class='ocrx_word' id='word_1_42' title='bbox 394 558 465 597; x_wconf 80' lang='lat' dir='ltr'>five</span> <span class='ocrx_word' id='word_1_43' title='bbox 485 560 588 597; x_wconf 87' lang='lat' dir='ltr'>Artis</span> <span class='ocrx_word' id='word_1_44' title='bbox 607 561 772 610; x_wconf 81' lang='lat' dir='ltr'>regendae</span> <span class='ocrx_word' id='word_1_45' title='bbox 789 562 919 598; x_wconf 86' lang='lat' dir='ltr'>domus</span> <span class='ocrx_word' id='word_1_46' title='bbox 937 575 1038 599; x_wconf 86' lang='lat' dir='ltr'>veras</span> <span class='ocrx_word' id='word_1_47' title='bbox 1056 570 1187 612; x_wconf 54' lang='lat' dir='ltr'>partes.</span> <span class='ocrx_word' id='word_1_48' title='bbox 1241 560 1309 598; x_wconf 89' lang='lat' dir='ltr'>Sed</span> <span class='ocrx_word' id='word_1_49' title='bbox 1335 567 1459 597; x_wconf 86' lang='lat' dir='ltr'>tamen</span> <span class='ocrx_word' id='word_1_50' title='bbox 1478 565 1521 595; x_wconf 83' lang='lat' dir='ltr'>ut</span> <span class='ocrx_word' id='word_1_51' title='bbox 1537 556 1745 596; x_wconf 76' lang='lat' dir='ltr'>OEc‘onomi</span> 
     </span>
     <span class='ocr_line' id='line_1_7' title="bbox 394 620 1746 674; baseline -0.003 -14"><span class='ocrx_word' id='word_1_52' title='bbox 394 629 432 660; x_wconf 77' lang='lat' dir='ltr'>et</span> <span class='ocrx_word' id='word_1_53' title='bbox 460 624 602 661; x_wconf 87' lang='lat' dir='ltr'>Politici</span> <span class='ocrx_word' id='word_1_54' title='bbox 628 637 763 661; x_wconf 82' lang='lat' dir='ltr'>munus</span> <span class='ocrx_word' id='word_1_55' title='bbox 784 625 846 668; x_wconf 87' lang='lat' dir='ltr'>est,</span> <span class='ocrx_word' id='word_1_56' title='bbox 865 624 1009 662; x_wconf 87' lang='lat' dir='ltr'>suorum</span> <span class='ocrx_word' id='word_1_57' title='bbox 1027 626 1174 662; x_wconf 86' lang='lat' dir='ltr'>sanitati</span> <span class='ocrx_word' id='word_1_58' title='bbox 1195 625 1321 674; x_wconf 87' lang='lat' dir='ltr'>aliquo</span> <span class='ocrx_word' id='word_1_59' title='bbox 1338 623 1446 660; x_wconf 89' lang='lat' dir='ltr'>modo</span> <span class='ocrx_word' id='word_1_60' title='bbox 1465 621 1658 664; x_wconf 85' lang='lat' dir='ltr'>consulere,</span> <span class='ocrx_word' id='word_1_61' title='bbox 1678 620 1746 656; x_wconf 81' lang='lat' dir='ltr'>ali-</span> 
     </span>
     <span class='ocr_line' id='line_1_8' title="bbox 396 677 1747 738; baseline -0.003 -15"><span class='ocrx_word' id='word_1_62' title='bbox 396 699 471 736; x_wconf 91' lang='lat' dir='ltr'>quo</span> <span class='ocrx_word' id='word_1_63' title='bbox 489 693 611 724; x_wconf 82' lang='lat' dir='ltr'>autem</span> <span class='ocrx_word' id='word_1_64' title='bbox 632 689 740 724; x_wconf 88' lang='lat' dir='ltr'>modo</span> <span class='ocrx_word' id='word_1_65' title='bbox 758 701 847 732; x_wconf 88' lang='lat' dir='ltr'>non,</span> <span class='ocrx_word' id='word_1_66' title='bbox 866 688 925 726; x_wconf 88' lang='lat' dir='ltr'>sed</span> <span class='ocrx_word' id='word_1_67' title='bbox 943 690 1086 733; x_wconf 88' lang='lat' dir='ltr'>medici,</span> <span class='ocrx_word' id='word_1_68' title='bbox 1105 687 1209 738; x_wconf 78' lang='lat' dir='ltr'>cujus</span> <span class='ocrx_word' id='word_1_69' title='bbox 1234 701 1365 737; x_wconf 86' lang='lat' dir='ltr'>nempe</span> <span class='ocrx_word' id='word_1_70' title='bbox 1393 686 1581 737; x_wconf 87' lang='lat' dir='ltr'>proprium</span> <span class='ocrx_word' id='word_1_71' title='bbox 1610 677 1747 721; x_wconf 67' lang='lat' dir='ltr'>munus</span> 
     </span>
     <span class='ocr_line' id='line_1_9' title="bbox 395 747 1747 800; baseline -0.003 -14"><span class='ocrx_word' id='word_1_72' title='bbox 395 750 445 786; x_wconf 89' lang='lat' dir='ltr'>est</span> <span class='ocrx_word' id='word_1_73' title='bbox 461 763 505 786; x_wconf 85' lang='lat' dir='ltr'>ex</span> <span class='ocrx_word' id='word_1_74' title='bbox 523 756 599 787; x_wconf 85' lang='lat' dir='ltr'>arte</span> <span class='ocrx_word' id='word_1_75' title='bbox 617 751 778 797; x_wconf 84' lang='lat' dir='ltr'>mcderi;</span> <span class='ocrx_word' id='word_1_76' title='bbox 809 752 914 800; x_wconf 84' lang='lat' dir='ltr'>(ficut</span> <span class='ocrx_word' id='word_1_77' title='bbox 931 752 1126 796; x_wconf 78' lang='lat' dir='ltr'>OEconomi</span> <span class='ocrx_word' id='word_1_78' title='bbox 1151 751 1210 789; x_wconf 79' lang='lat' dir='ltr'>vel</span> <span class='ocrx_word' id='word_1_79' title='bbox 1237 751 1379 788; x_wconf 66' lang='lat' dir='ltr'>Politici</span> <span class='ocrx_word' id='word_1_80' title='bbox 1405 761 1542 793; x_wconf 84' lang='lat' dir='ltr'>curare,</span> <span class='ocrx_word' id='word_1_81' title='bbox 1560 755 1602 785; x_wconf 90' lang='lat' dir='ltr'>ut</span> <span class='ocrx_word' id='word_1_82' title='bbox 1629 747 1747 784; x_wconf 78' lang='lat' dir='ltr'>medi-</span> 
     </span>
     <span class='ocr_line' id='line_1_10' title="bbox 394 813 1745 864; baseline -0.003 -14"><span class='ocrx_word' id='word_1_83' title='bbox 394 826 459 850; x_wconf 77' lang='lat' dir='ltr'>cus</span> <span class='ocrx_word' id='word_1_84' title='bbox 477 813 703 861; x_wconf 82' lang='lat' dir='ltr'>accersatur.)</span> <span class='ocrx_word' id='word_1_85' title='bbox 762 815 822 851; x_wconf 87' lang='lat' dir='ltr'>Sic</span> <span class='ocrx_word' id='word_1_86' title='bbox 839 815 920 853; x_wconf 85' lang='lat' dir='ltr'>sane</span> <span class='ocrx_word' id='word_1_87' title='bbox 934 822 969 852; x_wconf 90' lang='lat' dir='ltr'>et</span> <span class='ocrx_word' id='word_1_88' title='bbox 987 816 1191 854; x_wconf 82' lang='lat' dir='ltr'>OEconomi</span> <span class='ocrx_word' id='word_1_89' title='bbox 1217 815 1268 852; x_wconf 87' lang='lat' dir='ltr'>est</span> <span class='ocrx_word' id='word_1_90' title='bbox 1293 815 1522 864; x_wconf 79' lang='lat' dir='ltr'>aliquatenus</span> <span class='ocrx_word' id='word_1_91' title='bbox 1549 824 1672 849; x_wconf 87' lang='lat' dir='ltr'>curare</span> <span class='ocrx_word' id='word_1_92' title='bbox 1700 816 1745 847; x_wconf 74' lang='lat' dir='ltr'>ut</span> 
     </span>
     <span class='ocr_line' id='line_1_11' title="bbox 397 874 1747 929; baseline -0.003 -16"><span class='ocrx_word' id='word_1_93' title='bbox 397 889 452 913; x_wconf 83' lang='lat' dir='ltr'>res</span> <span class='ocrx_word' id='word_1_94' title='bbox 470 876 660 913; x_wconf 83' lang='lat' dir='ltr'>familiaris</span> <span class='ocrx_word' id='word_1_95' title='bbox 678 883 715 913; x_wconf 89' lang='lat' dir='ltr'>et</span> <span class='ocrx_word' id='word_1_96' title='bbox 733 879 887 927; x_wconf 85' lang='lat' dir='ltr'>pecunia</span> <span class='ocrx_word' id='word_1_97' title='bbox 904 878 1072 929; x_wconf 86' lang='lat' dir='ltr'>suppetat</span> <span class='ocrx_word' id='word_1_98' title='bbox 1086 895 1097 925; x_wconf 78' lang='lat'><em>3</em></span> <span class='ocrx_word' id='word_1_99' title='bbox 1126 879 1249 929; x_wconf 87' lang='lat' dir='ltr'>aliqua</span> <span class='ocrx_word' id='word_1_100' title='bbox 1273 885 1395 915; x_wconf 87' lang='lat' dir='ltr'>autem</span> <span class='ocrx_word' id='word_1_101' title='bbox 1422 877 1559 914; x_wconf 78' lang='lat' dir='ltr'>ratione</span> <span class='ocrx_word' id='word_1_102' title='bbox 1579 874 1747 917; x_wconf 79' lang='lat' dir='ltr'>minime,</span> 
     </span>
     <span class='ocr_line' id='line_1_12' title="bbox 395 936 1749 994; baseline -0.004 -17"><span class='ocrx_word' id='word_1_103' title='bbox 395 940 454 978; x_wconf 86' lang='lat' dir='ltr'>sed</span> <span class='ocrx_word' id='word_1_104' title='bbox 482 940 569 977; x_wconf 84' lang='lat' dir='ltr'>artis</span> <span class='ocrx_word' id='word_1_105' title='bbox 596 940 784 985; x_wconf 84' lang='lat' dir='ltr'>ministrae,</span> <span class='ocrx_word' id='word_1_106' title='bbox 803 942 860 979; x_wconf 78' lang='grc' dir='ltr'>καὶ</span> <span class='ocrx_word' id='word_1_107' title='bbox 888 945 1092 994; x_wconf 64' lang='grc' dir='ltr'>ὑπηρετικῆς,</span> <span class='ocrx_word' id='word_1_108' title='bbox 1120 942 1157 980; x_wconf 88' lang='lat' dir='ltr'>id</span> <span class='ocrx_word' id='word_1_109' title='bbox 1183 943 1233 979; x_wconf 87' lang='lat' dir='ltr'>est</span> <span class='ocrx_word' id='word_1_110' title='bbox 1260 940 1570 979; x_wconf 80' lang='lat' dir='ltr'>Chrematisticae:</span> <span class='ocrx_word' id='word_1_111' title='bbox 1601 936 1749 988; x_wconf 79' lang='lat' dir='ltr'>praeser-</span> 
     </span>
     <span class='ocr_line' id='line_1_13' title="bbox 395 1002 1747 1058; baseline 0.001 -18"><span class='ocrx_word' id='word_1_112' title='bbox 395 1004 464 1040; x_wconf 82' lang='lat' dir='ltr'>tim</span> <span class='ocrx_word' id='word_1_113' title='bbox 493 1005 681 1048; x_wconf 83' lang='lat' dir='ltr'>naturalis,</span> <span class='ocrx_word' id='word_1_114' title='bbox 698 1006 822 1054; x_wconf 79' lang='grc' dir='ltr'><strong><em>φύσεως</em></strong></span> <span class='ocrx_word' id='word_1_115' title='bbox 843 1006 907 1057; x_wconf 73' lang='grc' dir='ltr'>γάρ</span> <span class='ocrx_word' id='word_1_116' title='bbox 928 1010 1021 1044; x_wconf 74' lang='grc' dir='ltr'>ἔστιν’</span> <span class='ocrx_word' id='word_1_117' title='bbox 1044 1007 1140 1057; x_wconf 63' lang='grc' dir='ltr'><strong><em>ἔργον,</em></strong></span> <span class='ocrx_word' id='word_1_118' title='bbox 1157 1005 1272 1058; x_wconf 64' lang='grc' dir='ltr'><strong><em>τροφὴν</em></strong></span> <span class='ocrx_word' id='word_1_119' title='bbox 1298 1005 1343 1055; x_wconf 57' lang='lat' dir='ltr'>ri}</span> <span class='ocrx_word' id='word_1_120' title='bbox 1368 1002 1549 1052; x_wconf 56' lang='grc' dir='ltr'>γεννηθέντι</span> <span class='ocrx_word' id='word_1_121' title='bbox 1574 1005 1747 1053; x_wconf 62' lang='grc' dir='ltr'>παρέχειν.</span> 
     </span>
     <span class='ocr_line' id='line_1_14' title="bbox 395 1065 1746 1117; baseline -0.001 -14"><span class='ocrx_word' id='word_1_122' title='bbox 395 1067 552 1104; x_wconf 83' lang='lat' dir='ltr'>Naturae</span> <span class='ocrx_word' id='word_1_123' title='bbox 575 1068 673 1104; x_wconf 88' lang='lat' dir='ltr'>enim</span> <span class='ocrx_word' id='word_1_124' title='bbox 701 1067 860 1105; x_wconf 87' lang='lat' dir='ltr'>officium</span> <span class='ocrx_word' id='word_1_125' title='bbox 889 1069 937 1106; x_wconf 88' lang='lat' dir='ltr'>est</span> <span class='ocrx_word' id='word_1_126' title='bbox 963 1070 1181 1106; x_wconf 83' lang='lat' dir='ltr'>alimentum</span> <span class='ocrx_word' id='word_1_127' title='bbox 1198 1070 1367 1106; x_wconf 83' lang='lat' dir='ltr'>exhibere</span> <span class='ocrx_word' id='word_1_128' title='bbox 1383 1069 1433 1105; x_wconf 85' lang='lat' dir='ltr'>rei</span> <span class='ocrx_word' id='word_1_129' title='bbox 1451 1072 1643 1117; x_wconf 60' lang='lat' dir='ltr'>generatae,</span> <span class='ocrx_word' id='word_1_130' title='bbox 1697 1065 1746 1101; x_wconf 72' lang='lat' dir='ltr'>Et</span> 
     </span>
     <span class='ocr_line' id='line_1_15' title="bbox 397 1128 1745 1182; baseline -0.002 -15"><span class='ocrx_word' id='word_1_131' title='bbox 397 1132 474 1168; x_wconf 88' lang='lat' dir='ltr'>haec</span> <span class='ocrx_word' id='word_1_132' title='bbox 493 1130 769 1169; x_wconf 66' lang='lat' dir='ltr'>Chremetistica</span> <span class='ocrx_word' id='word_1_133' title='bbox 787 1146 830 1169; x_wconf 80' lang='lat' dir='ltr'>ex</span> <span class='ocrx_word' id='word_1_134' title='bbox 849 1132 1030 1182; x_wconf 82' lang='lat' dir='ltr'>frugibus,</span> <span class='ocrx_word' id='word_1_135' title='bbox 1050 1140 1085 1170; x_wconf 87' lang='lat' dir='ltr'>et</span> <span class='ocrx_word' id='word_1_136' title='bbox 1105 1132 1366 1176; x_wconf 74' lang='lat' dir='ltr'>animantibus,</span> <span class='ocrx_word' id='word_1_137' title='bbox 1383 1131 1467 1168; x_wconf 81' lang='lat' dir='ltr'>fane</span> <span class='ocrx_word' id='word_1_138' title='bbox 1487 1142 1599 1180; x_wconf 86' lang='lat' dir='ltr'>quam</span> <span class='ocrx_word' id='word_1_139' title='bbox 1617 1128 1745 1165; x_wconf 73' lang='lat' dir='ltr'>lauda-</span> 
     </span>
     <span class='ocr_line' id='line_1_16' title="bbox 395 1189 1747 1238; baseline 0.001 -8"><span class='ocrx_word' id='word_1_140' title='bbox 395 1194 481 1231; x_wconf 87' lang='lat' dir='ltr'>bilis</span> <span class='ocrx_word' id='word_1_141' title='bbox 499 1194 561 1238; x_wconf 89' lang='lat' dir='ltr'>est,</span> <span class='ocrx_word' id='word_1_142' title='bbox 581 1195 737 1238; x_wconf 86' lang='lat' dir='ltr'>honesta,</span> <span class='ocrx_word' id='word_1_143' title='bbox 756 1204 792 1232; x_wconf 91' lang='lat' dir='ltr'>et</span> <span class='ocrx_word' id='word_1_144' title='bbox 810 1196 855 1232; x_wconf 88' lang='lat' dir='ltr'>ad</span> <span class='ocrx_word' id='word_1_145' title='bbox 872 1197 1117 1233; x_wconf 78' lang='lat' dir='ltr'>oeconomiam</span> <span class='ocrx_word' id='word_1_146' title='bbox 1144 1195 1332 1233; x_wconf 85' lang='lat' dir='ltr'>neceffaria</span> <span class='ocrx_word' id='word_1_147' title='bbox 1348 1210 1357 1232; x_wconf 71' lang='grc' dir='ltr'>ε</span> <span class='ocrx_word' id='word_1_148' title='bbox 1387 1194 1445 1231; x_wconf 84' lang='lat' dir='ltr'>sed</span> <span class='ocrx_word' id='word_1_149' title='bbox 1471 1194 1535 1230; x_wconf 80' lang='lat' dir='ltr'>illa</span> <span class='ocrx_word' id='word_1_150' title='bbox 1562 1189 1747 1234; x_wconf 60' lang='grc' dir='ltr'>κατηλικὶη</span> 
     </span>
     <span class='ocr_line' id='line_1_17' title="bbox 398 1253 1747 1311; baseline -0.002 -16"><span class='ocrx_word' id='word_1_151' title='bbox 398 1259 468 1296; x_wconf 89' lang='lat' dir='ltr'>five</span> <span class='ocrx_word' id='word_1_152' title='bbox 499 1253 702 1296; x_wconf 80' lang='lat' dir='ltr'>mercatura</span> <span class='ocrx_word' id='word_1_153' title='bbox 734 1261 773 1297; x_wconf 90' lang='lat' dir='ltr'>in</span> <span class='ocrx_word' id='word_1_154' title='bbox 809 1262 1051 1310; x_wconf 87' lang='lat' dir='ltr'>permutando</span> <span class='ocrx_word' id='word_1_155' title='bbox 1081 1262 1194 1311; x_wconf 81' lang='lat' dir='ltr'>posita</span> <span class='ocrx_word' id='word_1_156' title='bbox 1222 1260 1306 1307; x_wconf 88' lang='lat' dir='ltr'>jure</span> <span class='ocrx_word' id='word_1_157' title='bbox 1337 1260 1589 1309; x_wconf 83' lang='lat' dir='ltr'>vituperatur:</span> <span class='ocrx_word' id='word_1_158' title='bbox 1618 1257 1747 1305; x_wconf 79' lang='lat' dir='ltr'>quue</span> 
     </span>
     <span class='ocr_line' id='line_1_18' title="bbox 398 1323 1746 1374; baseline -0.003 -14"><span class='ocrx_word' id='word_1_159' title='bbox 398 1323 531 1373; x_wconf 88' lang='lat' dir='ltr'>magis,</span> <span class='ocrx_word' id='word_1_160' title='bbox 551 1337 625 1373; x_wconf 90' lang='lat' dir='ltr'>quo</span> <span class='ocrx_word' id='word_1_161' title='bbox 643 1324 789 1374; x_wconf 84' lang='lat' dir='ltr'>longius</span> <span class='ocrx_word' id='word_1_162' title='bbox 808 1338 828 1361; x_wconf 87' lang='lat' dir='ltr'>a</span> <span class='ocrx_word' id='word_1_163' title='bbox 847 1324 981 1362; x_wconf 83' lang='lat' dir='ltr'>finibus</span> <span class='ocrx_word' id='word_1_164' title='bbox 1007 1333 1148 1363; x_wconf 80' lang='lat' dir='ltr'>naturae</span> <span class='ocrx_word' id='word_1_165' title='bbox 1165 1324 1326 1368; x_wconf 85' lang='lat' dir='ltr'>discedit,</span> <span class='ocrx_word' id='word_1_166' title='bbox 1346 1330 1382 1361; x_wconf 90' lang='lat' dir='ltr'>et</span> <span class='ocrx_word' id='word_1_167' title='bbox 1400 1323 1593 1360; x_wconf 85' lang='lat' dir='ltr'>hominum</span> <span class='ocrx_word' id='word_1_168' title='bbox 1620 1331 1746 1358; x_wconf 83' lang='lat' dir='ltr'>eorum</span> 
     </span>
     <span class='ocr_line' id='line_1_19' title="bbox 399 1383 1750 1440; baseline -0.001 -15"><span class='ocrx_word' id='word_1_169' title='bbox 399 1396 490 1433; x_wconf 84' lang='lat' dir='ltr'>arte,</span> <span class='ocrx_word' id='word_1_170' title='bbox 507 1388 675 1435; x_wconf 82' lang='lat' dir='ltr'>versutia,</span> <span class='ocrx_word' id='word_1_171' title='bbox 693 1396 730 1427; x_wconf 89' lang='lat' dir='ltr'>et</span> <span class='ocrx_word' id='word_1_172' title='bbox 746 1390 944 1429; x_wconf 81' lang='lat' dir='ltr'>calliditate</span> <span class='ocrx_word' id='word_1_173' title='bbox 959 1391 1103 1434; x_wconf 84' lang='lat' dir='ltr'>nititur,</span> <span class='ocrx_word' id='word_1_174' title='bbox 1122 1389 1188 1440; x_wconf 88' lang='lat' dir='ltr'>qui</span> <span class='ocrx_word' id='word_1_175' title='bbox 1206 1389 1274 1426; x_wconf 84' lang='lat' dir='ltr'>toti</span> <span class='ocrx_word' id='word_1_176' title='bbox 1293 1389 1331 1426; x_wconf 87' lang='lat' dir='ltr'>in</span> <span class='ocrx_word' id='word_1_177' title='bbox 1350 1388 1474 1425; x_wconf 75' lang='lat' dir='ltr'>numia</span> <span class='ocrx_word' id='word_1_178' title='bbox 1499 1383 1750 1435; x_wconf 67' lang='lat' dir='ltr'>congerendis,</span> 
     </span>
     <span class='ocr_line' id='line_1_20' title="bbox 182 1448 1750 1526; baseline -0.004 -35"><span class='ocrx_word' id='word_1_179' title='bbox 182 1451 299 1526; x_wconf 48' lang='lat' dir='ltr'>pdiosa</span> <span class='ocrx_word' id='word_1_180' title='bbox 312 1458 360 1522; x_wconf 58' lang='grc' dir='ltr'>Ἥ</span> <span class='ocrx_word' id='word_1_181' title='bbox 401 1467 443 1491; x_wconf 87' lang='lat' dir='ltr'>ac</span> <span class='ocrx_word' id='word_1_182' title='bbox 462 1455 562 1504; x_wconf 77' lang='lat' dir='ltr'>turpi</span> <span class='ocrx_word' id='word_1_183' title='bbox 590 1454 729 1504; x_wconf 85' lang='lat' dir='ltr'>quaestu</span> <span class='ocrx_word' id='word_1_184' title='bbox 747 1463 984 1506; x_wconf 86' lang='lat' dir='ltr'>occupantur.</span> <span class='ocrx_word' id='word_1_185' title='bbox 1038 1455 1139 1492; x_wconf 89' lang='lat' dir='ltr'>Hinc</span> <span class='ocrx_word' id='word_1_186' title='bbox 1167 1454 1297 1492; x_wconf 82' lang='lat' dir='ltr'>merito</span> <span class='ocrx_word' id='word_1_187' title='bbox 1324 1452 1446 1491; x_wconf 78' lang='lat' dir='ltr'>odiosa</span> <span class='ocrx_word' id='word_1_188' title='bbox 1467 1452 1516 1488; x_wconf 84' lang='lat' dir='ltr'>est</span> <span class='ocrx_word' id='word_1_189' title='bbox 1534 1451 1607 1488; x_wconf 83' lang='lat' dir='ltr'>Ars</span> <span class='ocrx_word' id='word_1_190' title='bbox 1632 1448 1750 1486; x_wconf 71' lang='lat' dir='ltr'>foene·</span> 
     </span>
     <span class='ocr_line' id='line_1_21' title="bbox 186 1503 1751 1572; baseline -0.003 -16"><span class='ocrx_word' id='word_1_191' title='bbox 186 1503 368 1572; x_wconf 50' lang='grc' dir='ltr'>ςζὲοὲῗὲη,</span> <span class='ocrx_word' id='word_1_192' title='bbox 401 1519 505 1556; x_wconf 89' lang='lat' dir='ltr'>randi</span> <span class='ocrx_word' id='word_1_193' title='bbox 524 1519 592 1555; x_wconf 80' lang='lat' dir='ltr'>sive</span> <span class='ocrx_word' id='word_1_194' title='bbox 609 1518 717 1556; x_wconf 85' lang='lat' dir='ltr'>usura</span> <span class='ocrx_word' id='word_1_195' title='bbox 737 1521 839 1569; x_wconf 84' lang='lat' dir='ltr'>(quae</span> <span class='ocrx_word' id='word_1_196' title='bbox 865 1521 910 1556; x_wconf 90' lang='lat' dir='ltr'>ab</span> <span class='ocrx_word' id='word_1_197' title='bbox 938 1519 1129 1556; x_wconf 83' lang='lat' dir='ltr'>Aristotele</span> <span class='ocrx_word' id='word_1_198' title='bbox 1147 1520 1215 1556; x_wconf 85' lang='lat' dir='ltr'>hoc</span> <span class='ocrx_word' id='word_1_199' title='bbox 1232 1518 1310 1555; x_wconf 87' lang='lat' dir='ltr'>loco</span> <span class='ocrx_word' id='word_1_200' title='bbox 1329 1526 1477 1554; x_wconf 83' lang='lat' dir='ltr'>vocatur</span> <span class='ocrx_word' id='word_1_201' title='bbox 1495 1509 1751 1559; x_wconf 58' lang='grc' dir='ltr'>ὀβολοστατικὴ,</span> 
     </span>
     <span class='ocr_line' id='line_1_22' title="bbox 186 1581 1750 1633; baseline -0.005 -14"><span class='ocrx_word' id='word_1_202' title='bbox 186 1587 219 1610; x_wconf 81' lang='lat' dir='ltr'>et</span> <span class='ocrx_word' id='word_1_203' title='bbox 235 1586 343 1618; x_wconf 80' lang='lat' dir='ltr'>praeter</span> <span class='ocrx_word' id='word_1_204' title='bbox 402 1582 500 1632; x_wconf 82' lang='lat' dir='ltr'>quasi</span> <span class='ocrx_word' id='word_1_205' title='bbox 535 1583 686 1619; x_wconf 91' lang='lat' dir='ltr'>obolum</span> <span class='ocrx_word' id='word_1_206' title='bbox 721 1584 790 1620; x_wconf 83' lang='lat' dir='ltr'>five</span> <span class='ocrx_word' id='word_1_207' title='bbox 826 1595 983 1620; x_wconf 83' lang='lat' dir='ltr'>numum</span> <span class='ocrx_word' id='word_1_208' title='bbox 1019 1582 1245 1633; x_wconf 85' lang='lat' dir='ltr'>appendens)</span> <span class='ocrx_word' id='word_1_209' title='bbox 1279 1581 1367 1631; x_wconf 88' lang='lat' dir='ltr'>quia</span> <span class='ocrx_word' id='word_1_210' title='bbox 1401 1592 1534 1628; x_wconf 86' lang='lat' dir='ltr'>nempe</span> <span class='ocrx_word' id='word_1_211' title='bbox 1563 1590 1584 1614; x_wconf 89' lang='lat' dir='ltr'>a</span> <span class='ocrx_word' id='word_1_212' title='bbox 1619 1582 1750 1614; x_wconf 78' lang='lat' dir='ltr'>natura</span> 
     </span>
     <span class='ocr_line' id='line_1_23' title="bbox 185 1629 1747 1697; baseline -0.006 -12"><span class='ocrx_word' id='word_1_213' title='bbox 185 1629 343 1653; x_wconf 53' lang='lat' dir='ltr'>&#39;amram&#39;</span> <span class='ocrx_word' id='word_1_214' title='bbox 399 1647 560 1684; x_wconf 86' lang='lat' dir='ltr'>maxime</span> <span class='ocrx_word' id='word_1_215' title='bbox 594 1647 753 1684; x_wconf 80' lang='lat' dir='ltr'>recedit:</span> <span class='ocrx_word' id='word_1_216' title='bbox 793 1647 931 1697; x_wconf 89' lang='lat' dir='ltr'>quippe</span> <span class='ocrx_word' id='word_1_217' title='bbox 968 1660 1052 1697; x_wconf 87' lang='lat' dir='ltr'>quae</span> <span class='ocrx_word' id='word_1_218' title='bbox 1086 1661 1105 1684; x_wconf 91' lang='lat' dir='ltr'>e</span> <span class='ocrx_word' id='word_1_219' title='bbox 1138 1659 1254 1683; x_wconf 89' lang='lat' dir='ltr'>numo</span> <span class='ocrx_word' id='word_1_220' title='bbox 1283 1657 1440 1682; x_wconf 84' lang='lat' dir='ltr'>numum</span> <span class='ocrx_word' id='word_1_221' title='bbox 1472 1642 1603 1693; x_wconf 83' lang='lat' dir='ltr'>pariat.</span> <span class='ocrx_word' id='word_1_222' title='bbox 1657 1639 1747 1677; x_wconf 83' lang='lat' dir='ltr'>Inde</span> 
     </span>
     <span class='ocr_line' id='line_1_24' title="bbox 396 1703 1749 1760; baseline -0.007 -13"><span class='ocrx_word' id='word_1_223' title='bbox 396 1711 496 1747; x_wconf 87' lang='lat' dir='ltr'>enim</span> <span class='ocrx_word' id='word_1_224' title='bbox 515 1710 636 1747; x_wconf 75' lang='lat' dir='ltr'>Graeci</span> <span class='ocrx_word' id='word_1_225' title='bbox 654 1710 776 1748; x_wconf 77' lang='lat' dir='ltr'>foeuus</span> <span class='ocrx_word' id='word_1_226' title='bbox 796 1710 979 1760; x_wconf 75' lang='lat' dir='ltr'>eleganter</span> <span class='ocrx_word' id='word_1_227' title='bbox 993 1717 1127 1748; x_wconf 86' lang='lat' dir='ltr'>vocant</span> <span class='ocrx_word' id='word_1_228' title='bbox 1144 1712 1247 1753; x_wconf 68' lang='grc' dir='ltr'><strong>τόκον,</strong></span> <span class='ocrx_word' id='word_1_229' title='bbox 1266 1708 1365 1758; x_wconf 85' lang='lat' dir='ltr'>quafi</span> <span class='ocrx_word' id='word_1_230' title='bbox 1392 1715 1540 1757; x_wconf 84' lang='lat' dir='ltr'>partum</span> <span class='ocrx_word' id='word_1_231' title='bbox 1568 1703 1688 1747; x_wconf 86' lang='lat' dir='ltr'>numi,</span> <span class='ocrx_word' id='word_1_232' title='bbox 1705 1708 1749 1739; x_wconf 81' lang='lat' dir='ltr'>ut</span> 
     </span>
     <span class='ocr_line' id='line_1_25' title="bbox 396 1768 1747 1825; baseline -0.006 -14"><span class='ocrx_word' id='word_1_233' title='bbox 396 1782 433 1811; x_wconf 86' lang='lat' dir='ltr'>et</span> <span class='ocrx_word' id='word_1_234' title='bbox 451 1774 576 1812; x_wconf 82' lang='lat' dir='ltr'>Latini</span> <span class='ocrx_word' id='word_1_235' title='bbox 595 1774 719 1812; x_wconf 78' lang='lat' dir='ltr'>foenus</span> <span class='ocrx_word' id='word_1_236' title='bbox 734 1781 914 1825; x_wconf 83' lang='lat' dir='ltr'>tanquam</span> <span class='ocrx_word' id='word_1_237' title='bbox 934 1774 1069 1811; x_wconf 86' lang='lat' dir='ltr'>foetum</span> <span class='ocrx_word' id='word_1_238' title='bbox 1089 1773 1147 1811; x_wconf 89' lang='lat' dir='ltr'>seu</span> <span class='ocrx_word' id='word_1_239' title='bbox 1164 1774 1339 1811; x_wconf 86' lang='lat' dir='ltr'>foeturam</span> <span class='ocrx_word' id='word_1_240' title='bbox 1368 1771 1532 1822; x_wconf 82' lang='lat' dir='ltr'>pecuniae</span> <span class='ocrx_word' id='word_1_241' title='bbox 1551 1768 1747 1819; x_wconf 79' lang='lat' dir='ltr'>pecuniam</span> 
     </span>
     <span class='ocr_line' id='line_1_26' title="bbox 396 1835 1749 1889; baseline -0.007 -13"><span class='ocrx_word' id='word_1_242' title='bbox 396 1838 585 1889; x_wconf 81' lang='lat' dir='ltr'>parientis,</span> <span class='ocrx_word' id='word_1_243' title='bbox 605 1838 729 1888; x_wconf 86' lang='lat' dir='ltr'>inquit</span> <span class='ocrx_word' id='word_1_244' title='bbox 747 1839 846 1888; x_wconf 87' lang='lat' dir='ltr'>apud</span> <span class='ocrx_word' id='word_1_245' title='bbox 865 1838 1028 1876; x_wconf 79' lang='lat' dir='ltr'>Gellium</span> <span class='ocrx_word' id='word_1_246' title='bbox 1047 1838 1177 1876; x_wconf 82' lang='lat' dir='ltr'>Varro.</span> <span class='ocrx_word' id='word_1_247' title='bbox 1223 1837 1279 1874; x_wconf 86' lang='lat' dir='ltr'>At</span> <span class='ocrx_word' id='word_1_248' title='bbox 1295 1850 1315 1873; x_wconf 93' lang='lat' dir='ltr'>e</span> <span class='ocrx_word' id='word_1_249' title='bbox 1333 1837 1448 1872; x_wconf 80' lang='lat' dir='ltr'>numo</span> <span class='ocrx_word' id='word_1_250' title='bbox 1464 1835 1620 1871; x_wconf 80' lang='lat' dir='ltr'>numum</span> <span class='ocrx_word' id='word_1_251' title='bbox 1640 1844 1749 1880; x_wconf 77' lang='lat' dir='ltr'>gene·</span> 
     </span>
     <span class='ocr_line' id='line_1_27' title="bbox 395 1895 1749 1952; baseline -0.007 -12"><span class='ocrx_word' id='word_1_252' title='bbox 395 1903 484 1945; x_wconf 70' lang='lat' dir='ltr'>rari,</span> <span class='ocrx_word' id='word_1_253' title='bbox 499 1908 630 1952; x_wconf 76' lang='lat' dir='ltr'>praeter</span> <span class='ocrx_word' id='word_1_254' title='bbox 654 1904 828 1940; x_wconf 70' lang='lat' dir='ltr'>naturam</span> <span class='ocrx_word' id='word_1_255' title='bbox 855 1902 919 1944; x_wconf 88' lang='lat' dir='ltr'>est,</span> <span class='ocrx_word' id='word_1_256' title='bbox 937 1915 1022 1939; x_wconf 90' lang='lat' dir='ltr'>cum</span> <span class='ocrx_word' id='word_1_257' title='bbox 1050 1914 1185 1939; x_wconf 84' lang='lat' dir='ltr'>numus</span> <span class='ocrx_word' id='word_1_258' title='bbox 1204 1901 1247 1938; x_wconf 83' lang='lat' dir='ltr'>fit</span> <span class='ocrx_word' id='word_1_259' title='bbox 1266 1901 1355 1950; x_wconf 89' lang='lat' dir='ltr'>quid</span> <span class='ocrx_word' id='word_1_260' title='bbox 1377 1899 1505 1942; x_wconf 78' lang='lat' dir='ltr'>sterile,</span> <span class='ocrx_word' id='word_1_261' title='bbox 1525 1904 1560 1934; x_wconf 86' lang='lat' dir='ltr'>et</span> <span class='ocrx_word' id='word_1_262' title='bbox 1578 1896 1651 1933; x_wconf 86' lang='lat' dir='ltr'>sola</span> <span class='ocrx_word' id='word_1_263' title='bbox 1670 1895 1749 1943; x_wconf 82' lang='lat' dir='ltr'>lege</span> 
     </span>
     <span class='ocr_line' id='line_1_28' title="bbox 394 1958 1748 2016; baseline -0.007 -13"><span class='ocrx_word' id='word_1_264' title='bbox 394 1967 524 2004; x_wconf 68' lang='lat' dir='ltr'>valeat.</span> <span class='ocrx_word' id='word_1_265' title='bbox 579 1968 647 2004; x_wconf 84' lang='lat' dir='ltr'>Sed</span> <span class='ocrx_word' id='word_1_266' title='bbox 666 1972 702 2003; x_wconf 89' lang='lat' dir='ltr'>et</span> <span class='ocrx_word' id='word_1_267' title='bbox 717 1967 906 2016; x_wconf 71' lang='lat' dir='ltr'>iegitimus</span> <span class='ocrx_word' id='word_1_268' title='bbox 928 1967 1035 2003; x_wconf 81' lang='lat' dir='ltr'>numi</span> <span class='ocrx_word' id='word_1_269' title='bbox 1058 1966 1142 2003; x_wconf 89' lang='lat' dir='ltr'>usus</span> <span class='ocrx_word' id='word_1_270' title='bbox 1169 1964 1307 2002; x_wconf 73' lang='lat' dir='ltr'>foenore</span> <span class='ocrx_word' id='word_1_271' title='bbox 1333 1963 1522 2000; x_wconf 55' lang='lat' dir='ltr'>violatur„</span> <span class='ocrx_word' id='word_1_272' title='bbox 1558 1960 1621 1997; x_wconf 84' lang='lat' dir='ltr'>Est</span> <span class='ocrx_word' id='word_1_273' title='bbox 1648 1958 1748 1995; x_wconf 80' lang='lat' dir='ltr'>enim</span> 
     </span>
     <span class='ocr_line' id='line_1_29' title="bbox 395 2026 1747 2080; baseline -0.007 -12"><span class='ocrx_word' id='word_1_274' title='bbox 395 2032 441 2068; x_wconf 82' lang='lat' dir='ltr'>ad</span> <span class='ocrx_word' id='word_1_275' title='bbox 469 2043 589 2068; x_wconf 84' lang='lat' dir='ltr'>rerum</span> <span class='ocrx_word' id='word_1_276' title='bbox 617 2030 925 2080; x_wconf 83' lang='lat' dir='ltr'>permutationem</span> <span class='ocrx_word' id='word_1_277' title='bbox 953 2037 988 2066; x_wconf 75' lang='lat' dir='ltr'>et</span> <span class='ocrx_word' id='word_1_278' title='bbox 1014 2029 1225 2066; x_wconf 86' lang='lat' dir='ltr'>commercii</span> <span class='ocrx_word' id='word_1_279' title='bbox 1252 2027 1358 2066; x_wconf 85' lang='lat' dir='ltr'>causa</span> <span class='ocrx_word' id='word_1_280' title='bbox 1389 2026 1576 2063; x_wconf 83' lang='lat' dir='ltr'>institutus</span> <span class='ocrx_word' id='word_1_281' title='bbox 1603 2029 1638 2060; x_wconf 82' lang='lat' dir='ltr'>et</span> <span class='ocrx_word' id='word_1_282' title='bbox 1661 2030 1747 2059; x_wconf 62' lang='lat' dir='ltr'>ian-</span> 
     </span>
     <span class='ocr_line' id='line_1_30' title="bbox 395 2088 1749 2146; baseline -0.009 -13"><span class='ocrx_word' id='word_1_283' title='bbox 395 2109 509 2146; x_wconf 84' lang='lat' dir='ltr'>quam</span> <span class='ocrx_word' id='word_1_284' title='bbox 537 2108 658 2132; x_wconf 86' lang='lat' dir='ltr'>rerum</span> <span class='ocrx_word' id='word_1_285' title='bbox 688 2095 994 2136; x_wconf 75' lang='lat' dir='ltr'>instrumentun13</span> <span class='ocrx_word' id='word_1_286' title='bbox 1025 2093 1162 2130; x_wconf 85' lang='lat' dir='ltr'>foenore</span> <span class='ocrx_word' id='word_1_287' title='bbox 1189 2105 1272 2129; x_wconf 88' lang='lat' dir='ltr'>vero</span> <span class='ocrx_word' id='word_1_288' title='bbox 1298 2091 1460 2128; x_wconf 83' lang='lat' dir='ltr'>redditur</span> <span class='ocrx_word' id='word_1_289' title='bbox 1486 2088 1563 2138; x_wconf 85' lang='lat' dir='ltr'>ipsa</span> <span class='ocrx_word' id='word_1_290' title='bbox 1588 2099 1642 2123; x_wconf 85' lang='lat' dir='ltr'>res</span> <span class='ocrx_word' id='word_1_291' title='bbox 1669 2097 1749 2135; x_wconf 86' lang='lat' dir='ltr'>per·</span> 
     </span>
     <span class='ocr_line' id='line_1_31' title="bbox 395 2149 1748 2203; baseline -0.009 -6"><span class='ocrx_word' id='word_1_292' title='bbox 395 2160 596 2197; x_wconf 76' lang='lat' dir='ltr'>mutabilis.</span> <span class='ocrx_word' id='word_1_293' title='bbox 652 2160 810 2196; x_wconf 88' lang='lat' dir='ltr'>Locatur</span> <span class='ocrx_word' id='word_1_294' title='bbox 840 2159 938 2196; x_wconf 85' lang='lat' dir='ltr'>enim</span> <span class='ocrx_word' id='word_1_295' title='bbox 973 2168 1108 2195; x_wconf 81' lang='lat' dir='ltr'>numus</span> <span class='ocrx_word' id='word_1_296' title='bbox 1136 2157 1289 2200; x_wconf 80' lang='lat' dir='ltr'>foenore,</span> <span class='ocrx_word' id='word_1_297' title='bbox 1318 2163 1359 2192; x_wconf 87' lang='lat' dir='ltr'>ut</span> <span class='ocrx_word' id='word_1_298' title='bbox 1391 2158 1592 2203; x_wconf 77' lang='lat' dir='ltr'>equus,.ut</span> <span class='ocrx_word' id='word_1_299' title='bbox 1619 2149 1748 2187; x_wconf 64' lang='lat' dir='ltr'>vestiet</span> 
     </span>
     <span class='ocr_line' id='line_1_32' title="bbox 332 2220 1537 2270; baseline -0.006 -10"><span class='ocrx_word' id='word_1_300' title='bbox 332 2248 334 2254; x_wconf 40' lang='grc' dir='ltr'><em>ι</em></span> <span class='ocrx_word' id='word_1_301' title='bbox 395 2223 495 2259; x_wconf 89' lang='lat' dir='ltr'>Cum</span> <span class='ocrx_word' id='word_1_302' title='bbox 515 2222 638 2259; x_wconf 80' lang='lat' dir='ltr'>soenus</span> <span class='ocrx_word' id='word_1_303' title='bbox 656 2221 728 2258; x_wconf 86' lang='lat' dir='ltr'>fere</span> <span class='ocrx_word' id='word_1_304' title='bbox 747 2221 841 2258; x_wconf 79' lang='lat' dir='ltr'>nihil</span> <span class='ocrx_word' id='word_1_305' title='bbox 859 2222 902 2259; x_wconf 84' lang='lat' dir='ltr'>fit</span> <span class='ocrx_word' id='word_1_306' title='bbox 920 2221 1019 2258; x_wconf 75' lang='lat' dir='ltr'>aliud</span> <span class='ocrx_word' id='word_1_307' title='bbox 1038 2232 1151 2270; x_wconf 87' lang='lat' dir='ltr'>quam</span> <span class='ocrx_word' id='word_1_308' title='bbox 1171 2220 1305 2256; x_wconf 83' lang='lat' dir='ltr'>locatio</span> <span class='ocrx_word' id='word_1_309' title='bbox 1325 2228 1537 2255; x_wconf 76' lang='lat' dir='ltr'>numerum.</span> 
     </span>
    </p>
   </div>
   <div class='ocr_carea' id='block_1_3' title="bbox 873 2299 1279 2379">
    <p class='ocr_par' dir='ltr' id='par_1_3' title="bbox 873 2299 1279 2379">
     <span class='ocr_line' id='line_1_33' title="bbox 873 2299 1279 2379; baseline -0.007 -14"><span class='ocrx_word' id='word_1_310' title='bbox 873 2326 937 2365; x_wconf 83' lang='lat' dir='ltr'>Ad</span> <span class='ocrx_word' id='word_1_311' title='bbox 953 2328 1041 2379; x_wconf 85' lang='lat' dir='ltr'>Cap.</span> <span class='ocrx_word' id='word_1_312' title='bbox 1060 2299 1279 2365; x_wconf 56' lang='lat' dir='ltr'>undecimum.</span> 
     </span>
    </p>
   </div>
   <div class='ocr_carea' id='block_1_4' title="bbox 181 2410 1756 2725">
    <p class='ocr_par' dir='ltr' id='par_1_4' title="bbox 396 2410 1751 2591">
     <span class='ocr_line' id='line_1_34' title="bbox 448 2410 1751 2464; baseline -0.005 -12"><span class='ocrx_word' id='word_1_313' title='bbox 448 2413 642 2452; x_wconf 63' lang='lat' dir='ltr'>Hactenus</span> <span class='ocrx_word' id='word_1_314' title='bbox 668 2415 712 2450; x_wconf 89' lang='lat' dir='ltr'>de</span> <span class='ocrx_word' id='word_1_315' title='bbox 737 2413 945 2464; x_wconf 86' lang='lat' dir='ltr'>cognitione</span> <span class='ocrx_word' id='word_1_316' title='bbox 972 2413 1277 2456; x_wconf 81' lang='lat' dir='ltr'>Chrematistices‚</span> <span class='ocrx_word' id='word_1_317' title='bbox 1296 2412 1366 2448; x_wconf 85' lang='lat' dir='ltr'>five</span> <span class='ocrx_word' id='word_1_318' title='bbox 1392 2411 1480 2448; x_wconf 84' lang='lat' dir='ltr'>artis</span> <span class='ocrx_word' id='word_1_319' title='bbox 1507 2410 1569 2447; x_wconf 46' lang='lat' dir='ltr'>rei&lt;</span> <span class='ocrx_word' id='word_1_320' title='bbox 1584 2422 1751 2460; x_wconf 78' lang='lat' dir='ltr'>quaeren·</span> 
     </span>
     <span class='ocr_line' id='line_1_35' title="bbox 396 2476 1749 2527; baseline -0.004 -12"><span class='ocrx_word' id='word_1_321' title='bbox 396 2478 475 2524; x_wconf 79' lang='lat' dir='ltr'>dae3</span> <span class='ocrx_word' id='word_1_322' title='bbox 505 2491 603 2516; x_wconf 89' lang='lat' dir='ltr'>nunc</span> <span class='ocrx_word' id='word_1_323' title='bbox 621 2479 665 2515; x_wconf 90' lang='lat' dir='ltr'>de</span> <span class='ocrx_word' id='word_1_324' title='bbox 684 2477 762 2522; x_wconf 91' lang='lat' dir='ltr'>usu,</span> <span class='ocrx_word' id='word_1_325' title='bbox 779 2491 888 2527; x_wconf 88' lang='lat' dir='ltr'>quem</span> <span class='ocrx_word' id='word_1_326' title='bbox 909 2478 1060 2514; x_wconf 82' lang='lat' dir='ltr'>morales</span> <span class='ocrx_word' id='word_1_327' title='bbox 1079 2476 1279 2527; x_wconf 81' lang='lat' dir='ltr'>disciplinae</span> <span class='ocrx_word' id='word_1_328' title='bbox 1297 2476 1419 2526; x_wconf 82' lang='lat' dir='ltr'>potius</span> <span class='ocrx_word' id='word_1_329' title='bbox 1437 2481 1626 2525; x_wconf 76' lang='lat' dir='ltr'>quaerunt,</span> <span class='ocrx_word' id='word_1_330' title='bbox 1636 2485 1749 2524; x_wconf 84' lang='lat' dir='ltr'>quam</span> 
     </span>
     <span class='ocr_line' id='line_1_36' title="bbox 398 2537 1750 2591; baseline -0.003 -14"><span class='ocrx_word' id='word_1_331' title='bbox 398 2539 599 2579; x_wconf 80' lang='lat' dir='ltr'>scientiam.</span> <span class='ocrx_word' id='word_1_332' title='bbox 654 2542 774 2579; x_wconf 84' lang='lat' dir='ltr'>Usum</span> <span class='ocrx_word' id='word_1_333' title='bbox 806 2554 891 2591; x_wconf 88' lang='lat' dir='ltr'>ergo</span> <span class='ocrx_word' id='word_1_334' title='bbox 922 2547 965 2577; x_wconf 83' lang='lat' dir='ltr'>ut</span> <span class='ocrx_word' id='word_1_335' title='bbox 996 2541 1122 2578; x_wconf 85' lang='lat' dir='ltr'>doceat</span> <span class='ocrx_word' id='word_1_336' title='bbox 1153 2540 1374 2583; x_wconf 83' lang='lat' dir='ltr'>Aristoteles,</span> <span class='ocrx_word' id='word_1_337' title='bbox 1408 2538 1678 2576; x_wconf 79' lang='lat' dir='ltr'>Quaestuariam</span> <span class='ocrx_word' id='word_1_338' title='bbox 1711 2537 1750 2573; x_wconf 83' lang='lat' dir='ltr'>in</span> 
     </span>
    </p>

    <p class='ocr_par' dir='ltr' id='par_1_5' title="bbox 181 2602 1756 2725">
     <span class='ocr_line' id='line_1_37' title="bbox 181 2602 1752 2656; baseline -0.003 -14"><span class='ocrx_word' id='word_1_339' title='bbox 181 2606 302 2639; x_wconf 82' lang='lat' dir='ltr'>Divifio</span> <span class='ocrx_word' id='word_1_340' title='bbox 337 2649 344 2656; x_wconf 33' lang='grc' dir='ltr'>ι</span> <span class='ocrx_word' id='word_1_341' title='bbox 401 2605 471 2653; x_wconf 68' lang='lat' dir='ltr'>tria</span> <span class='ocrx_word' id='word_1_342' title='bbox 489 2617 619 2654; x_wconf 86' lang='lat' dir='ltr'>genera</span> <span class='ocrx_word' id='word_1_343' title='bbox 635 2605 830 2649; x_wconf 84' lang='lat' dir='ltr'>distribuit,</span> <span class='ocrx_word' id='word_1_344' title='bbox 851 2605 1020 2642; x_wconf 76' lang='lat' dir='ltr'>subtilius</span> <span class='ocrx_word' id='word_1_345' title='bbox 1038 2618 1150 2655; x_wconf 86' lang='lat' dir='ltr'>quam</span> <span class='ocrx_word' id='word_1_346' title='bbox 1171 2613 1288 2644; x_wconf 71' lang='lat' dir='ltr'>antea.</span> <span class='ocrx_word' id='word_1_347' title='bbox 1341 2604 1488 2653; x_wconf 83' lang='lat' dir='ltr'>Nem&#39;pe</span> <span class='ocrx_word' id='word_1_348' title='bbox 1516 2602 1554 2639; x_wconf 87' lang='lat' dir='ltr'>in</span> <span class='ocrx_word' id='word_1_349' title='bbox 1575 2602 1752 2638; x_wconf 85' lang='lat' dir='ltr'>Chrema-</span> 
     </span>
     <span class='ocr_line' id='line_1_38' title="bbox 184 2651 1756 2725; baseline -0.003 -20"><span class='ocrx_word' id='word_1_350' title='bbox 184 2651 361 2725; x_wconf 38' lang='lat' dir='ltr'>gffgzffiu&#39;</span> <span class='ocrx_word' id='word_1_351' title='bbox 400 2667 537 2704; x_wconf 88' lang='lat' dir='ltr'>tisticen</span> <span class='ocrx_word' id='word_1_352' title='bbox 570 2669 786 2712; x_wconf 85' lang='lat' dir='ltr'>naturalem,</span> <span class='ocrx_word' id='word_1_353' title='bbox 818 2667 920 2718; x_wconf 90' lang='lat' dir='ltr'>cujus</span> <span class='ocrx_word' id='word_1_354' title='bbox 951 2668 1055 2705; x_wconf 87' lang='lat' dir='ltr'>usum</span> <span class='ocrx_word' id='word_1_355' title='bbox 1089 2668 1141 2705; x_wconf 85' lang='lat' dir='ltr'>ait</span> <span class='ocrx_word' id='word_1_356' title='bbox 1173 2668 1211 2705; x_wconf 90' lang='lat' dir='ltr'>in</span> <span class='ocrx_word' id='word_1_357' title='bbox 1242 2680 1279 2704; x_wconf 89' lang='lat' dir='ltr'>re</span> <span class='ocrx_word' id='word_1_358' title='bbox 1306 2667 1474 2717; x_wconf 86' lang='lat' dir='ltr'>pecuaria</span> <span class='ocrx_word' id='word_1_359' title='bbox 1498 2665 1691 2707; x_wconf 83' lang='lat' dir='ltr'>consistere,</span> <span class='ocrx_word' id='word_1_360' title='bbox 1718 2670 1756 2700; x_wconf 89' lang='lat' dir='ltr'>et</span> 
     </span>
    </p>
   </div>
   <div class='ocr_carea' id='block_1_5' title="bbox 185 2729 1753 2781">
    <p class='ocr_par' dir='ltr' id='par_1_6' title="bbox 185 2729 1753 2781">
     <span class='ocr_line' id='line_1_39' title="bbox 185 2729 1753 2781; baseline -0.004 -10"><span class='ocrx_word' id='word_1_361' title='bbox 185 2734 386 2772; x_wconf 85' lang='lat' dir='ltr'>Naturalem‚</span> <span class='ocrx_word' id='word_1_362' title='bbox 400 2732 634 2780; x_wconf 83' lang='lat' dir='ltr'>agricultura.</span> <span class='ocrx_word' id='word_1_363' title='bbox 685 2733 815 2781; x_wconf 86' lang='lat' dir='ltr'>Atque</span> <span class='ocrx_word' id='word_1_364' title='bbox 835 2732 874 2769; x_wconf 87' lang='lat' dir='ltr'>in</span> <span class='ocrx_word' id='word_1_365' title='bbox 894 2732 958 2768; x_wconf 80' lang='lat' dir='ltr'>illa</span> <span class='ocrx_word' id='word_1_366' title='bbox 975 2732 1125 2781; x_wconf 85' lang='lat' dir='ltr'>quidem</span> <span class='ocrx_word' id='word_1_367' title='bbox 1144 2730 1356 2774; x_wconf 82' lang='lat' dir='ltr'>videndum,</span> <span class='ocrx_word' id='word_1_368' title='bbox 1374 2742 1420 2766; x_wconf 85' lang='lat' dir='ltr'>an</span> <span class='ocrx_word' id='word_1_369' title='bbox 1440 2730 1483 2766; x_wconf 79' lang='lat' dir='ltr'>sit</span> <span class='ocrx_word' id='word_1_370' title='bbox 1500 2729 1626 2766; x_wconf 83' lang='lat' dir='ltr'>utilius</span> <span class='ocrx_word' id='word_1_371' title='bbox 1645 2729 1753 2765; x_wconf 73' lang='lat' dir='ltr'>bo’ves</span> 
     </span>
    </p>
   </div>
   <div class='ocr_carea' id='block_1_6' title="bbox 183 2776 1756 2851">
    <p class='ocr_par' dir='ltr' id='par_1_7' title="bbox 183 2776 1756 2851">
     <span class='ocr_line' id='line_1_40' title="bbox 183 2776 1756 2851; baseline -0.001 -17"><span class='ocrx_word' id='word_1_372' title='bbox 183 2776 320 2850; x_wconf 51' lang='lat' dir='ltr'>{gfffiffi}</span> <span class='ocrx_word' id='word_1_373' title='bbox 336 2820 371 2851; x_wconf 59' lang='lat' dir='ltr'>in</span> <span class='ocrx_word' id='word_1_374' title='bbox 392 2795 549 2846; x_wconf 71' lang='lat' dir='ltr'>pascere,</span> <span class='ocrx_word' id='word_1_375' title='bbox 569 2809 614 2833; x_wconf 89' lang='lat' dir='ltr'>an</span> <span class='ocrx_word' id='word_1_376' title='bbox 634 2810 760 2846; x_wconf 66' lang='lat' dir='ltr'>equos,</span> <span class='ocrx_word' id='word_1_377' title='bbox 778 2806 830 2834; x_wconf 64' lang='lat' dir='ltr'>an⁴</span> <span class='ocrx_word' id='word_1_378' title='bbox 852 2810 949 2843; x_wconf 75' lang='lat' dir='ltr'>oves,</span> <span class='ocrx_word' id='word_1_379' title='bbox 969 2804 1003 2833; x_wconf 80' lang='lat' dir='ltr'>et</span> <span class='ocrx_word' id='word_1_380' title='bbox 1023 2797 1175 2834; x_wconf 80' lang='lat' dir='ltr'>ubinam</span> <span class='ocrx_word' id='word_1_381' title='bbox 1202 2796 1287 2845; x_wconf 86' lang='lat' dir='ltr'>equi</span> <span class='ocrx_word' id='word_1_382' title='bbox 1313 2794 1463 2845; x_wconf 83' lang='lat' dir='ltr'>optimi,</span> <span class='ocrx_word' id='word_1_383' title='bbox 1481 2806 1565 2832; x_wconf 72' lang='lat' dir='ltr'>oves</span> <span class='ocrx_word' id='word_1_384' title='bbox 1589 2793 1756 2832; x_wconf 74' lang='lat' dir='ltr'>meliore·</span> 
     </span>
    </p>
   </div>
  </div>
 </body>
</html>
