1904 3308
461 227 559 264 ‘lxxii
689 274 692 279 .
759 284 761 287 Α
835 232 1079 279 ¹SYNOPSIS
1105 234 1423 276 ANALYTICA

458 334 554 371 cedis
586 337 659 374 ulla
689 337 756 384 sese
780 340 1012 390 <Reipublicae
1044 342 1198 392 negotiis
1232 342 1430 392 implicare.
1484 345 1683 384 Praesertim
1714 356 1799 384 cum

460 399 543 448 ipsis
561 402 748 440 neceffaria
775 418 847 442 non
875 407 1078 457 suppetant,
1098 409 1220 456 reique
1248 409 1420 453 familiari
1440 410 1704 460 amplificandae
1722 417 1800 447 toto

460 461 575 505 studio
604 464 829 511 incumbant,
859 475 893 504 et
925 469 1103 517 quaestum
1133 472 1254 520 potius
1284 485 1396 520 quarn
1429 474 1578 510 honores
1613 479 1799 524 appetant.

458 526 512 562 At
532 525 622 575 saepe
634 527 714 576 jam
733 530 873 567 dietum
893 532 940 568 est
959 533 1014 568 his
1033 533 1146 575 libris,
1167 534 1294 570 inutile
1311 535 1376 571 effe
1395 544 1429 572 et
1449 537 1688 586 perniciosum
1708 536 1797 574 Rei-

459 589 626 638 pubHcae,
654 594 676 629 fi
707 595 906 631 multitudo
938 597 1123 646 popularis
1155 597 1378 647 frequentior
1408 600 1449 636 fit
1483 600 1521 636 in
1551 601 1798 639 concionibus.

458 652 595 691 Debere
614 656 758 693 interim
777 659 924 707 popum,
954 660 978 696 fi
1009 659 1100 698 forte
1118 662 1263 698 honoris
1287 663 1486 712 cupiditate
1513 664 1670 708 ducitur,
1696 671 1797 713 pote·-

457 710 581 754 'statem
612 726 648 756 et
668 718 732 768 jus
758 723 903 759 concedi
930 725 1165 761 creandorum
1191 726 1480 775 magistratuum,
1497 734 1533 764 et
1551 727 1733 765 rationum
1751 728 1799 764 ab

458 780 502 816 iis
533 783 838 831 reposcendarum‚
892 787 974 823 Imo
999 800 1082 824 vero
1114 789 1150 824 in
1178 789 1392 838 quibusdam
1422 782 1673 833 Democratiis‚
1691 797 1734 827 ut
1759 791 1798 827 in

456 843 711 889 Mantineenfi‚
730 849 901 896 quosdam
921 850 1067 886 viciffim
1095 852 1323 901 magistratus
1341 867 1384 889 ex
1402 854 1567 891 universo
1583 854 1719 904 populo
1736 855 1799 891 de-

455 907 521 955 ligi
542 909 587 943 ab
606 909 756 957 ipsomet
775 913 911 960 populo
928 927 935 949 :
966 914 1064 963 quod
1082 914 1287 952 institutum
1306 915 1388 953 sane
1409 930 1521 966 quarn
1546 918 1682 967 insigne
1698 917 1746 953 est
1764 923 1801 954 et

455 971 653 1018 optimum.
709 973 782 1010 Ubi
802 976 899 1011 enim
919 988 1001 1024 pars
1019 977 1143 1026 aliqua
1161 978 1210 1014 est
1226 978 1384 1016 civitatis
1404 981 1582 1016 honorum
1601 993 1737 1030 experS,
1756 992 1798 1016 ea

456 1046 541 1070 cum
575 1035 608 1072 se
636 1039 821 1074 contemni
846 1039 971 1083 credit,
1001 1039 1107 1077 facile
1138 1040 1326 1079 seditiones
1358 1049 1493 1081 movet.
1559 1044 1651 1080 Earn
1684 1043 1798 1092 igitur

456 1097 615 1146 primam
637 1099 908 1138 Democratiam
929 1103 1015 1139 bene
1037 1103 1243 1141 habituram
1263 1105 1328 1148 ait,
1348 1107 1371 1142 fi
1391 1119 1517 1143 omnes
1537 1107 1682 1156 quidem
1701 1107 1797 1144 cives

455 1161 593 1210 eligant
622 1164 864 1214 magistratus,
891 1172 926 1203 et
954 1167 999 1203 ab
1027 1166 1083 1203 his
1113 1166 1470 1219 rationes'repetant,
1488 1176 1523 1207 et
1537 1169 1679 1218 judicia
1697 1183 1797 1207 exer-

455 1233 585 1271 ceant;
615 1229 795 1265 maximos
822 1236 944 1267 tamen
971 1231 1199 1280 magistratus
1225 1239 1353 1282 gerant
1378 1234 1526 1282 optimi,
1553 1234 1651 1284 iique
1679 1233 1799 1271 seleffi

455 1290 547 1336 viri3
579 1290 634 1328 sed
667 1292 718 1329 ita
746 1299 787 1330 ut
817 1292 950 1331 summi
978 1295 1206 1344 magistratus
1233 1310 1276 1333 ex
1304 1295 1447 1334 summo
1469 1297 1575 1336 censu
1593 1304 1628 1335 et
1646 1297 1798 1342 divitiis,

455 1354 612 1392 minores
628 1369 672 1392 ex
692 1357 833 1393 minore
861 1358 1102 1396 mandentur:
1133 1359 1188 1396 vel
1216 1360 1240 1396 si
1268 1373 1340 1397 non
1367 1373 1433 1410 pro
1460 1361 1565 1399 censu
1583 1361 1642 1398 seu
1660 1361 1797 1398 ratione

452 1419 680 1464 divitiarum,
701 1426 810 1469 atque
830 1428 869 1457 ut
890 1421 1052 1471 loquitur
1078 1423 1147 1460 ἀπὸ
1172 1425 1382 1472 τιμημάτων,
1401 1423 1528 1461 saltem
1561 1424 1604 1462 iis
1632 1425 1797 1461 tribuan-

451 1489 524 1527 tur,
558 1497 714 1533 quorum
743 1498 785 1522 ea
811 1485 860 1522 est
889 1486 1064 1535 dignitas,
1081 1486 1212 1530 otium,
1235 1493 1271 1523 et
1298 1487 1498 1531 facultates,
1525 1494 1566 1525 ut
1593 1501 1652 1525 eos
1677 1500 1797 1538 gerere

451 1560 518 1597 pro
548 1548 728 1596 dignitate
763 1548 902 1597 poffint.
958 1539 1147 1594 Quoniam
1186 1563 1269 1587 vero
1304 1551 1445 1600 optima
1480 1552 1529 1588 est
1564 1552 1798 1589 Democratia

451 1611 718 1660 Agricolarum,
737 1613 886 1661 exponit
906 1613 973 1648 hoc
994 1612 1071 1649 loco
1092 1612 1297 1650 Aristoteles
1327 1615 1464 1658 modos,
1483 1615 1614 1664 quibus
1632 1616 1726 1652 cives
1745 1615 1797 1653 rei

452 1675 591 1712 rusticae
627 1675 686 1712 seu
718 1677 950 1725 agriculturae
980 1676 1056 1713 fieri
1089 1676 1216 1726 poffint
1247 1678 1479 1722 studiofiores,
1509 1680 1634 1716 debere
1664 1679 1798 1731 scilicet

452 1739 531 1788 lege
550 1739 680 1782 caveri,
699 1752 743 1775 ne
763 1739 844 1788 quis
863 1752 990 1788 agrum
1019 1745 1118 1789 paret
1149 1739 1273 1777 saltem
1302 1753 1413 1791 prope
1440 1741 1640 1786 civitatem,
1658 1742 1724 1778 nifi
1751 1742 1796 1779 ad

452 1812 591 1841 certum
630 1803 798 1847 modum,
834 1810 1014 1840 certamve
1047 1803 1303 1853 quantitatem.
1371 1805 1473 1843 Hinc
1508 1805 1605 1842 enirn
1641 1806 1798 1856 singulos

453 1868 548 1905 cives
576 1867 679 1904 suum
708 1868 868 1916 quosque
897 1866 1053 1916 agellum
1083 1868 1299 1905 exculturos.
1356 1869 1440 1905 Hoc
1464 1869 1521 1905 lex
1539 1869 1683 1906 Licinia
1700 1870 1798 1919 apud

245 1939 310 1968 Liv.
328 1936 383 1966 lib.
400 1932 642 1969 vi.Rornanos
659 1931 905 1974 constituerat,
924 1943 1007 1983 quae
1028 1930 1142 1966 vetuit
1162 1943 1205 1967 ne
1226 1931 1309 1980 plus
1328 1944 1439 1980 quam
1462 1940 1549 1981 500.
1563 1931 1694 1982 jugera
1711 1933 1798 1969 lice·

455 2003 508 2032 ret
527 1994 705 2044 poffidere.
746 1994 836 2030 Item
856 1994 1066 2037 vetandum,
1081 2006 1124 2030 ne
1144 1993 1226 2041 quis
1243 1993 1382 2043 πρώτους
1398 1994 1541 2045 κλῆςους,
1561 1995 1697 2044 primas
1719 1996 1798 2045 agri

455 2058 509 2096 sui
529 2058 708 2108 portiones
729 2059 828 2106 (quae
849 2057 930 2106 ipsis
949 2056 1036 2092 sorte
1056 2056 1264 2104 obtigerunt
1292 2058 1328 2092 in
1357 2070 1524 2106 agrorum
1548 2058 1668 2108 prima
1686 2060 1800 2109 parti·

457 2124 568 2166 tione,
588 2122 675 2159 olim
705 2135 726 2158 a
752 2120 1010 2170 legissatoribus
1035 2119 1111 2156 fieri
1142 2120 1263 2167 solita)
1290 2120 1484 2158 divendat:
1515 2123 1574 2158 Sic
1601 2124 1698 2159 enim
1726 2136 1800 2160 non

456 2195 579 2224 ement
596 2185 763 2228 ditiores;
792 2190 828 2220 et
855 2182 1099 2232 unusquisque
1126 2182 1179 2218 sui
1206 2183 1310 2232 agelli
1323 2184 1523 2226 ''dominus‚
1541 2198 1583 2222 eo
1609 2186 1800 2223 excolendo

249 2253 297 2283 De
313 2251 418 2292 Oxylo
457 2248 705 2298 occupabitur.
758 2247 968 2291 Vetandum
1002 2246 1126 2288 etiam,
1163 2245 1307 2282 auetore
1341 2245 1465 2296 Oxylo
1496 2247 1597 2296 Rege
1631 2248 1797 2286 Eliorum

249 2295 430 2368 {azzi-lib.
454 2311 653 2362 justiffimo,
674 2325 717 2347 ne
736 2310 818 2359 quis
839 2322 968 2358 agrurn
999 2308 1103 2345 suum
1138 2315 1275 2346 mutuae
1303 2311 1465 2358 pecuniae
1491 2311 1596 2347 causa
1622 2312 1799 2362 oppigne-

249 2360 359 2420 giaph-
376 2385 408 2408 et
461 2384 538 2413 ret:
570 2375 720 2418 Gallice,
740 2373 917 2423 d'engager
942 2386 983 2408 ou
1009 2371 1239 2422 hypothecquer
1255 2373 1303 2421 sa
1329 2381 1424 2410 terre.
1478 2374 1561 2410 Hac
1587 2375 1684 2411 enim
1712 2388 1799 2412 cau-

249 2424 417 2495 figutinias
460 2441 559 2477 tione
588 2438 666 2487 agri
695 2436 923 2473 continuatio
956 2437 1023 2472 sive
1051 2435 1301 2485 amplificatio,
1331 2450 1442 2485 quam
1469 2437 1614 2474 ditiores
1640 2439 1800 2476 obtinere

267 2526 269 2529 .
299 2486 306 2495 ⁸
343 2486 351 2495 .
462 2503 612 2554 poffent,
629 2501 735 2539 facile
753 2500 982 2549 impedietur.
1036 2500 1170 2536 Statuit
1189 2500 1305 2549 postea
1323 2500 1593 2537 Democratiam
1619 2501 1801 2551 pastorum

260 2606 266 2611 .
462 2567 657 2613 secundum
677 2564 910 2613 Georgicam‚
929 2561 994 2598 effe
1020 2562 1196 2611 optimam
1215 2578 1224 2607 3
1254 2563 1341 2612 quia
1367 2563 1563 2612 pastoribus
1581 2571 1616 2600 et
1634 2565 1804 2613 agricolis

253 2639 330 2676 Cap.
341 2644 377 2678 ⁷5.
392 2637 448 2667 lib.
462 2631 579 2668 multa
598 2627 917 2669 fint-communia;
945 2633 980 2663 et
1006 2625 1124 2676 supra,
1155 2626 1307 2675 pastores
1332 2627 1426 2663 dixit
1452 2627 1574 2664 vivam
1602 2629 1801 2677 agricultu-

254 2682 275 2712 i.
292 2680 412 2712 P‘ffi‘ie'
462 2707 540 2732 ram
569 2705 742 2730 exercere.
796 2692 889 2728 Item
921 2689 1008 2740 quia
1036 2701 1090 2726 res
1120 2689 1303 2739 pastoritia
1333 2690 1426 2726 viros
1444 2686 1572 2727 'reddit
1599 2691 1718 2734 fortes,
1745 2705 1803 2729 ro-

459 2758 593 2803 bustos,
621 2764 658 2793 et
684 2754 828 2792 militiae
854 2754 1011 2790 idoneos.
1065 2751 1240 2802 Reliquas
1267 2760 1388 2790 autem
1411 2753 1664 2793 multitudines
1683 2756 1804 2792 homi-

462 2834 569 2867 num,
589 2820 721 2870 quibus
738 2818 822 2856 aliae
841 2816 1082 2855 Democratiae
1101 2816 1277 2861 constant,
1293 2816 1358 2853 effe
1384 2816 1492 2866 longe
1518 2818 1706 2867 nequiores
1722 2832 1731 2855 z
1755 2813 1804 2856 'eo
