1904 3308
363 222 744 264 POLITICORUM
769 217 1132 260 ARISTOTELIS.
1160 217 1210 254 V.
1242 228 1277 254 1.
1443 212 1509 252 'lix

134 349 276 383 earum,
294 349 380 387 quae
397 349 420 374 a
437 336 607 387 pluribus
634 332 950 374 administrantur,
969 330 1134 379 itemque
1160 326 1288 364 salutis
1305 331 1343 363 et
1367 324 1509 363 conser-

133 402 295 440 vationis
314 402 544 440 earumdem.
600 398 775 438 Posterior
791 398 835 435 de
854 396 967 435 caulis
988 393 1159 446 interitus
1186 404 1228 429 ac
1253 389 1510 428 desti-uaionis

131 467 211 518 ejus
230 467 474 517 Reipublicae,
495 479 579 517 quae
606 466 653 502 ab
679 476 755 502 uno
782 463 936 512 regitur,
954 461 1026 498 five
1044 460 1075 496 is
1094 459 1176 496 Rex
1194 458 1253 501 fit,
1274 457 1343 493 five
1359 456 1509 505 Tyran-

132 544 203 570 nus
218 548 230 579 ς,
265 533 429 582 itemque
464 531 508 568 de
541 530 655 568 causis
693 534 730 565 et
766 526 884 564 modis
924 525 1025 563 illius
1058 521 1327 561 conservandae.
1380 519 1508 557 Omne

134 597 237 634 enim
258 596 459 647 imperium
478 595 533 632 vel
554 594 604 631 est
622 593 746 637 unius,
765 591 822 629 vel
841 590 1021 642 plurium.

650 699 714 738 Ad
733 699 820 751 Cap.
836 698 998 750 primum.

187 790 326 829 Statuit
344 789 572 841 principium
600 794 637 825 et
664 787 805 825 fontem
818 793 1004 841 ⁴motuum
1025 798 1068 822 ac
1087 783 1309 822 seditionum
1333 785 1398 819 τῦ,
1416 780 1507 819 στά-
1520 784 1604 834 Fons
1619 791 1652 815 et
1676 829 1682 835 ¹

135 872 228 899 σεωι,
257 855 325 892 effe
351 867 524 899 errorem,
551 853 590 891 in
614 851 713 901 jure,
742 853 812 890 five
839 850 1012 901 injustam
1042 848 1304 900 persuasionem
1325 859 1369 884 ex
1388 859 1431 883 eo
1448 859 1509 883 or·
1519 829 1699 904 {2253ng-

131 925 224 965 tam,
244 921 344 972 quod
371 919 468 956 cives
498 918 583 955 licet
605 916 668 967 jus
695 925 733 955 et
761 929 913 968 aequum
935 916 1180 969 praetendant,
1199 911 1360 950 nesciant
1379 918 1507 948 tamen

134 984 255 1036 ipsum
286 985 398 1036 probe
423 971 670 1033 distinguere}
699 982 752 1020 ita
770 988 812 1019 ut
832 981 859 1018 ii
879 981 945 1032 qui
964 981 1127 1031 quodam
1149 978 1259 1016 modo
1277 989 1381 1027 pares
1408 975 1507 1021 sunt,

134 1057 228 1101 puta
245 1049 351 1088 liberi
373 1048 513 1086 ratione
540 1048 719 1085 libertatis
746 1047 786 1085 in
815 1047 1067 1088 Democratia,
1087 1045 1121 1082 se
1140 1043 1295 1082 omnino
1312 1049 1350 1080 et
1369 1042 1410 1079 in
1426 1055 1508 1080 om-

133 1115 244 1153 nibus
264 1127 367 1165 pares
386 1120 532 1164 putent,
557 1113 820 1162 neminemque
847 1111 952 1149 alteri
970 1111 1121 1147 credant
1138 1109 1205 1147 effe
1223 1107 1507 1160 praeferendum.

134 1180 187 1218 Et
213 1180 280 1230 qui
307 1191 384 1216 una
411 1178 573 1228 quadam
604 1190 642 1214 re
670 1176 756 1214 sunt
788 1177 962 1226 impareS,
983 1181 1076 1226 puta
1104 1174 1244 1212 ratione
1272 1172 1448 1223 potentiae
1469 1178 1508 1209 et

132 1244 364 1288 divitiarum,
395 1250 438 1280 ut
470 1242 509 1279 in
540 1241 772 1292 Oligarchia,
804 1240 960 1285 omnino
985 1239 1020 1277 se
1049 1240 1208 1290 impares
1234 1238 1302 1275 effe
1327 1238 1504 1283 credant5

134 1310 231 1347 unde
257 1320 408 1358 aequum
437 1306 503 1344 effe
531 1313 666 1357 putant
693 1306 727 1358 se
754 1305 847 1343 solos
873 1305 1002 1342 debere
1027 1304 1228 1348 dominari,
1247 1315 1334 1341 cum
1355 1302 1506 1339 interim

131 1374 187 1412 illi
205 1387 250 1411 ex
271 1379 375 1424 parte
393 1378 542 1409 tantum
570 1384 702 1422 pares;
731 1371 771 1408 hi
798 1384 843 1408 ex
870 1379 975 1422 parte
1001 1370 1115 1407 etiam
1142 1369 1326 1407 duntaxat
1343 1368 1413 1405 sint
1431 1368 1506 1405 im-

130 1452 251 1491 pares.
306 1439 433 1476 Quare
460 1437 634 1475 nituntur
656 1436 892 1488 Respublicae
910 1449 1040 1474 omnes
1059 1435 1143 1486 jure
1161 1436 1349 1486 quodam3
1378 1433 1437 1472 sed
1465 1434 1504 1471 in

127 1517 172 1542 eo
190 1503 406 1554 (impliciter
429 1508 567 1548 errant,
586 1514 743 1552 eamque
770 1502 817 1539 ob
843 1500 991 1539 causam
1018 1513 1104 1538 cum
1121 1513 1168 1537 ex
1186 1500 1254 1537 hac
1281 1498 1507 1550 persuasione

131 1581 246 1620 quam
268 1574 423 1617 utraque
449 1568 573 1612 habet,
600 1566 838 1604 Democratia
863 1565 1000 1604 scilicet
1026 1572 1063 1603 et
1088 1564 1319 1615 Oligarchia‚
1337 1564 1507 1615 Reipub-

131 1634 216 1672 lieae
246 1646 320 1670 non
353 1632 451 1670 fiunt
482 1632 694 1683 participes,
722 1631 972 1684 στασιάζουσι,
1002 1630 1198 1669 seditiones
1227 1637 1392 1675 movent,
1420 1642 1510 1679 quae,

133 1698 228 1737 nihil
245 1699 347 1735 aliud
366 1697 450 1734 sunt
469 1710 584 1747 quam
614 1696 807 1734 insolentes
826 1703 863 1734 et
881 1695 1043 1747 superbae
1060 1696 1201 1734 civium
1221 1695 1340 1746 pluris
1359 1695 1394 1733 se
1411 1694 1506 1732 aesti-

135 1765 338 1805 mannum,
352 1775 464 1813 quam
487 1775 553 1813 par
573 1762 628 1807 fit,
643 1775 664 1799 a
677 1761 774 1812 jure,
793 1769 829 1800 et
847 1762 943 1799 statu
962 1762 1208 1812 Reipublicae,
1219 1760 1504 1799 declinationes:

135 1836 171 1866 et
199 1841 286 1865 cum
315 1827 343 1864 ii
371 1827 436 1877 qui
464 1827 600 1864 virtute
627 1827 774 1877 praediti
795 1826 878 1864 sunt
900 1827 1063 1877 bonique
1085 1826 1197 1871 cives,
1217 1833 1254 1864 et
1271 1825 1358 1870 viri,
1379 1825 1404 1862 fi
1420 1838 1508 1862 cum

135 1892 219 1930 aliis
248 1890 498 1934 conferantur,
527 1891 598 1928 sint
625 1891 838 1941 simpliciter
865 1891 1082 1941 inaequales,
1099 1890 1328 1940 omninoque
1347 1889 1509 1941 superio-

133 1969 204 1998 res,
225 1955 429 2007 poffintque
455 1954 519 1993 suo
540 1954 626 2005 jure
653 1955 843 1994 seditiones
863 1956 1034 2000 excitare,
1052 1969 1139 1994 cum
1158 1969 1234 1993 non
1256 1955 1412 1998 divitiis,
1432 1967 1508 1992 non

131 2023 279 2072 opibus,
307 2034 382 2059 non
408 2021 547 2072 generi,
566 2035 640 2059 non
669 2023 847 2072 potentiae
864 2022 967 2060 civili
985 2022 1043 2060 sed
1061 2023 1192 2060 virtuti
1208 2022 1385 2060 debeatur
1401 2022 1504 2073 prin-

133 2088 308 2138 cipatus;
336 2087 401 2137 ipsi
428 2093 555 2124 tamen
580 2087 734 2125 seditiosi
763 2101 839 2126 non
866 2087 964 2134 sunt,
981 2101 1048 2126 nec
1065 2089 1297 2139 Reipublicae
1313 2089 1506 2138 perturba-

132 2160 249 2190 tores:
278 2151 337 2189 sed
365 2152 490 2202 potius
517 2153 658 2190 nobiles
686 2153 728 2197 ii,
757 2154 823 2204 qui
849 2152 925 2191 sola
950 2153 1088 2192 virtute
1115 2160 1152 2191 et
1177 2153 1320 2191 divitiis
1338 2156 1508 2205 προγόνων.

132 2230 286 2273 avorum
314 2217 478 2263 suorum,
497 2218 582 2255 sunt
610 2218 788 2257 illustres:
819 2219 904 2257 Viri
931 2219 1032 2257 enim
1057 2219 1210 2263 nobiles,
1228 2220 1387 2269 quinon
1407 2219 1509 2256 avita

134 2283 299 2333 quidem,
317 2288 382 2318 aut
401 2294 443 2318 ea
462 2281 548 2326 sola,
567 2281 626 2319 sed
646 2282 709 2321 sua
736 2284 886 2334 propria
911 2284 1049 2321 virtute
1076 2282 1268 2334 splendent
1285 2283 1382 2321 inter
1398 2288 1507 2320 caete-

133 2360 191 2384 ros
206 2363 217 2393 3
246 2359 350 2383 arma
380 2359 455 2383 non
489 2346 677 2385 affumunt
710 2356 839 2386 contra
875 2349 1162 2400 Rempublicam
1176 2366 1188 2397 3
1216 2349 1302 2386 licet
1339 2348 1508 2399 alioquin

132 2411 271 2449 virtute
303 2411 432 2448 bellica
459 2412 642 2462 praestent,
665 2412 817 2464 aliisque
845 2414 963 2465 copiis
993 2420 1031 2451 et
1058 2413 1310 2451 instrumentis
1338 2413 1385 2452 ad
1411 2425 1508 2464 pug-

132 2479 299 2516 nandum
333 2478 534 2515 necessariis
567 2480 766 2518 abundent.
822 2481 972 2532 Nempe
1002 2480 1093 2532 quia
1127 2480 1265 2517 virtute
1296 2478 1514 2530 praestantes

130 2544 360 2589 seditionem,
378 2552 414 2581 et
434 2544 667 2595 Reipublicae
685 2546 999 2596 perturbationem
1026 2545 1189 2583 maxime
1206 2545 1376 2582 oderunt.
1430 2544 1510 2582 Re-

130 2608 248 2646 censet
274 2608 396 2659 postea
423 2609 637 2646 Aristoteles
664 2622 797 2660 genera
825 2610 1079 2648 mutationum
1099 2611 1236 2661 quibus
1254 2609 1418 2647 civitatis
1438 2609 1510 2647 sta·

131 2680 191 2710 tus
223 2674 457 2723 pervertitur,
492 2674 549 2711 vel
585 2674 820 2714 immutatur.
875 2675 1044 2715 Primum
1077 2675 1127 2712 est
1162 2687 1250 2712 cum
1286 2673 1510 2725 Respublica
1521 2690 1616 2723 Varia
1627 2701 1724 2731 gem„

132 2738 258 2775 tranfit
277 2738 316 2774 in
336 2738 437 2776 aliud
455 2751 573 2788 genus
592 2739 934 2784 administrationis,
951 2746 996 2778 ut
1013 2752 1100 2778 cum
1129 2753 1174 2778 ex
1203 2738 1444 2777 Democratia
1466 2738 1510 2777 fit
1521 2744 1555 2785 [β
1570 2741 1677 2785 “3⁰2⁸-

130 2803 323 2853 Regnum‚
350 2817 396 2841 ex
424 2806 557 2855 Regno
582 2804 784 2855 Tyrannis.
839 2806 1051 2845 Secundum
1073 2819 1161 2844 cum
1190 2812 1364 2844 manente
1381 2806 1507 2844 eadem
1521 2778 1704 2862 ξῒὲξῃῖἷ.

130 2867 364 2919 Reipublicae
395 2867 530 2915 forma,
562 2876 757 2909 mutantur
793 2870 994 2923 principes,
1028 2870 1242 2924 summique
1274 2870 1509 2924 magistratus
1519 2874 1644 2898 “amm-
