<?xml version="1.0" encoding="UTF-8"?>
<!DOCTYPE html PUBLIC "-//W3C//DTD XHTML 1.0 Transitional//EN"
    "http://www.w3.org/TR/xhtml1/DTD/xhtml1-transitional.dtd">
<html xmlns="http://www.w3.org/1999/xhtml" xml:lang="en" lang="en">
 <head>
  <title>
</title>
<meta http-equiv="Content-Type" content="text/html;charset=utf-8" />
  <meta name='ocr-system' content='tesseract 3.04.00' />
  <meta name='ocr-capabilities' content='ocr_page ocr_carea ocr_par ocr_line ocrx_word'/>
</head>
<body>
  <div class='ocr_page' id='page_1' title='image "./politicagreeklat01arisuoft_0074.png"; bbox 0 0 1904 3308; ppageno 0'>
   <div class='ocr_carea' id='block_1_1' title="bbox 279 725 450 757">
    <p class='ocr_par' dir='ltr' id='par_1_1' title="bbox 279 725 450 757">
     <span class='ocr_line' id='line_1_1' title="bbox 279 725 450 757; baseline -0.006 0"><span class='ocrx_word' id='word_1_1' title='bbox 279 725 351 757; x_wconf 85' lang='lat' dir='ltr'>Rari</span> <span class='ocrx_word' id='word_1_2' title='bbox 363 726 450 756; x_wconf 89' lang='lat' dir='ltr'>boni.</span> 
     </span>
    </p>
   </div>
   <div class='ocr_carea' id='block_1_2' title="bbox 273 913 471 1199">
    <p class='ocr_par' dir='ltr' id='par_1_2' title="bbox 274 913 471 1113">
     <span class='ocr_line' id='line_1_2' title="bbox 275 913 451 945; baseline -0.006 0"><span class='ocrx_word' id='word_1_3' title='bbox 275 913 390 945; x_wconf 84' lang='lat' dir='ltr'>Parvus</span> <span class='ocrx_word' id='word_1_4' title='bbox 404 922 451 944; x_wconf 88' lang='lat' dir='ltr'>er-</span> 
     </span>
     <span class='ocr_line' id='line_1_3' title="bbox 276 957 471 995; baseline 0.005 -9"><span class='ocrx_word' id='word_1_5' title='bbox 276 965 325 986; x_wconf 84' lang='lat' dir='ltr'>ror</span> <span class='ocrx_word' id='word_1_6' title='bbox 339 957 371 986; x_wconf 93' lang='lat' dir='ltr'>in</span> <span class='ocrx_word' id='word_1_7' title='bbox 389 957 471 995; x_wconf 87' lang='lat' dir='ltr'>prin-</span> 
     </span>
     <span class='ocr_line' id='line_1_4' title="bbox 275 999 471 1037; baseline -0.005 -9"><span class='ocrx_word' id='word_1_8' title='bbox 275 999 371 1037; x_wconf 84' lang='lat' dir='ltr'>cipio,</span> <span class='ocrx_word' id='word_1_9' title='bbox 384 1007 471 1037; x_wconf 86' lang='lat' dir='ltr'>mag-</span> 
     </span>
     <span class='ocr_line' id='line_1_5' title="bbox 275 1040 434 1071; baseline 0.006 -1"><span class='ocrx_word' id='word_1_10' title='bbox 275 1049 336 1071; x_wconf 87' lang='lat' dir='ltr'>nus</span> <span class='ocrx_word' id='word_1_11' title='bbox 351 1040 386 1071; x_wconf 87' lang='lat' dir='ltr'>fit</span> <span class='ocrx_word' id='word_1_12' title='bbox 402 1042 434 1071; x_wconf 90' lang='lat' dir='ltr'>in</span> 
     </span>
     <span class='ocr_line' id='line_1_6' title="bbox 274 1082 349 1113; baseline 0.013 -1"><span class='ocrx_word' id='word_1_13' title='bbox 274 1082 349 1113; x_wconf 83' lang='lat' dir='ltr'>fine.</span> 
     </span>
    </p>

    <p class='ocr_par' dir='ltr' id='par_1_3' title="bbox 273 1124 432 1199">
     <span class='ocr_line' id='line_1_7' title="bbox 274 1124 432 1156; baseline 0.013 -2"><span class='ocrx_word' id='word_1_14' title='bbox 274 1125 342 1155; x_wconf 88' lang='lat' dir='ltr'>Lib.</span> <span class='ocrx_word' id='word_1_15' title='bbox 358 1125 378 1156; x_wconf 90' lang='lat' dir='ltr'>i.</span> <span class='ocrx_word' id='word_1_16' title='bbox 393 1124 432 1156; x_wconf 89' lang='lat' dir='ltr'>de</span> 
     </span>
     <span class='ocr_line' id='line_1_8' title="bbox 273 1159 373 1199; baseline 0.01 -2"><span class='ocrx_word' id='word_1_17' title='bbox 273 1159 373 1199; x_wconf 72' lang='lat' dir='ltr'>Coelo.</span> 
     </span>
    </p>
   </div>
   <div class='ocr_carea' id='block_1_3' title="bbox 247 2693 447 2908">
    <p class='ocr_par' dir='ltr' id='par_1_4' title="bbox 247 2693 447 2908">
     <span class='ocr_line' id='line_1_9' title="bbox 249 2693 447 2737; baseline 0.005 -12"><span class='ocrx_word' id='word_1_18' title='bbox 249 2693 447 2737; x_wconf 59' lang='grc' dir='ltr'>παροξύνονται</span> 
     </span>
     <span class='ocr_line' id='line_1_10' title="bbox 247 2736 413 2780; baseline 0 -13"><span class='ocrx_word' id='word_1_19' title='bbox 247 2736 295 2768; x_wconf 71' lang='grc' dir='ltr'>διὰ</span> <span class='ocrx_word' id='word_1_20' title='bbox 309 2736 413 2780; x_wconf 68' lang='grc' dir='ltr'><strong><em>κέςδος,</em></strong></span> 
     </span>
     <span class='ocr_line' id='line_1_11' title="bbox 247 2780 409 2818; baseline 0 -9"><span class='ocrx_word' id='word_1_21' title='bbox 247 2780 300 2810; x_wconf 72' lang='grc' dir='ltr'>καὶ</span> <span class='ocrx_word' id='word_1_22' title='bbox 312 2780 409 2818; x_wconf 67' lang='grc' dir='ltr'><strong><em>τιμὴν,</em></strong></span> 
     </span>
     <span class='ocr_line' id='line_1_12' title="bbox 248 2820 394 2863; baseline -0.007 -11"><span class='ocrx_word' id='word_1_23' title='bbox 248 2821 294 2852; x_wconf 65' lang='grc' dir='ltr'>διὰ</span> <span class='ocrx_word' id='word_1_24' title='bbox 309 2820 394 2863; x_wconf 63' lang='grc' dir='ltr'>ὕβριν,</span> 
     </span>
     <span class='ocr_line' id='line_1_13' title="bbox 248 2864 439 2908; baseline 0.005 -14"><span class='ocrx_word' id='word_1_25' title='bbox 248 2864 340 2904; x_wconf 67' lang='grc' dir='ltr'><strong><em>φόβον.</em></strong></span> <span class='ocrx_word' id='word_1_26' title='bbox 356 2865 439 2908; x_wconf 68' lang='lat' dir='ltr'>eing-</span> 
     </span>
    </p>
   </div>
   <div class='ocr_carea' id='block_1_4' title="bbox 493 233 1470 274">
    <p class='ocr_par' dir='ltr' id='par_1_5' title="bbox 493 233 1470 274">
     <span class='ocr_line' id='line_1_14' title="bbox 493 233 1470 274; baseline -0.001 -3"><span class='ocrx_word' id='word_1_27' title='bbox 493 234 529 271; x_wconf 84' lang='lat' dir='ltr'>lx</span> <span class='ocrx_word' id='word_1_28' title='bbox 881 234 1127 274; x_wconf 92' lang='lat' dir='ltr'>SYNOPSIS</span> <span class='ocrx_word' id='word_1_29' title='bbox 1154 233 1470 271; x_wconf 88' lang='lat' dir='ltr'><strong>ANALYTICA</strong></span> 
     </span>
    </p>
   </div>
   <div class='ocr_carea' id='block_1_5' title="bbox 474 339 1833 1721">
    <p class='ocr_par' dir='ltr' id='par_1_6' title="bbox 480 339 1833 1278">
     <span class='ocr_line' id='line_1_15' title="bbox 489 339 1833 391; baseline 0.001 -15"><span class='ocrx_word' id='word_1_30' title='bbox 489 339 767 379; x_wconf 80' lang='lat' dir='ltr'>transferuntur.</span> <span class='ocrx_word' id='word_1_31' title='bbox 822 343 938 379; x_wconf 75' lang='lat' dir='ltr'>Quod</span> <span class='ocrx_word' id='word_1_32' title='bbox 953 342 994 379; x_wconf 85' lang='lat' dir='ltr'>fit</span> <span class='ocrx_word' id='word_1_33' title='bbox 1014 342 1226 391; x_wconf 88' lang='lat' dir='ltr'>plerumque</span> <span class='ocrx_word' id='word_1_34' title='bbox 1255 355 1299 378; x_wconf 80' lang='lat' dir='ltr'>ex</span> <span class='ocrx_word' id='word_1_35' title='bbox 1326 341 1485 391; x_wconf 89' lang='lat' dir='ltr'>ignavia,</span> <span class='ocrx_word' id='word_1_36' title='bbox 1505 340 1671 385; x_wconf 87' lang='lat' dir='ltr'>mollitie,</span> <span class='ocrx_word' id='word_1_37' title='bbox 1689 341 1744 378; x_wconf 88' lang='lat' dir='ltr'>vel</span> <span class='ocrx_word' id='word_1_38' title='bbox 1764 340 1833 377; x_wconf 53' lang='grc' dir='ltr'>ᾗσι</span> 
     </span>
     <span class='ocr_line' id='line_1_16' title="bbox 488 403 1829 455; baseline 0.001 -15"><span class='ocrx_word' id='word_1_39' title='bbox 488 404 629 441; x_wconf 89' lang='lat' dir='ltr'>liditate</span> <span class='ocrx_word' id='word_1_40' title='bbox 658 418 781 442; x_wconf 88' lang='lat' dir='ltr'>eorum</span> <span class='ocrx_word' id='word_1_41' title='bbox 816 407 880 455; x_wconf 90' lang='lat' dir='ltr'>qui</span> <span class='ocrx_word' id='word_1_42' title='bbox 912 403 1149 442; x_wconf 77' lang='lat' dir='ltr'>dominantur</span> <span class='ocrx_word' id='word_1_43' title='bbox 1183 405 1474 453; x_wconf 81' lang='lat' dir='ltr'>generofioribus.</span> <span class='ocrx_word' id='word_1_44' title='bbox 1528 406 1712 450; x_wconf 84' lang='lat' dir='ltr'>Tertium,</span> <span class='ocrx_word' id='word_1_45' title='bbox 1744 417 1829 441; x_wconf 88' lang='lat' dir='ltr'>cum</span> 
     </span>
     <span class='ocr_line' id='line_1_17' title="bbox 490 467 1829 518; baseline 0.001 -14"><span class='ocrx_word' id='word_1_46' title='bbox 490 475 660 505; x_wconf 89' lang='lat' dir='ltr'>manente</span> <span class='ocrx_word' id='word_1_47' title='bbox 677 470 798 506; x_wconf 87' lang='lat' dir='ltr'>eadem</span> <span class='ocrx_word' id='word_1_48' title='bbox 818 469 948 512; x_wconf 85' lang='lat' dir='ltr'>forma,</span> <span class='ocrx_word' id='word_1_49' title='bbox 968 474 1004 505; x_wconf 86' lang='lat' dir='ltr'>et</span> <span class='ocrx_word' id='word_1_50' title='bbox 1026 468 1148 505; x_wconf 88' lang='lat' dir='ltr'>iisdem</span> <span class='ocrx_word' id='word_1_51' title='bbox 1178 469 1415 517; x_wconf 85' lang='lat' dir='ltr'>principibus,</span> <span class='ocrx_word' id='word_1_52' title='bbox 1433 467 1474 505; x_wconf 85' lang='lat' dir='ltr'>fit</span> <span class='ocrx_word' id='word_1_53' title='bbox 1493 468 1565 518; x_wconf 88' lang='lat' dir='ltr'>ipse</span> <span class='ocrx_word' id='word_1_54' title='bbox 1585 469 1692 505; x_wconf 85' lang='lat' dir='ltr'>status</span> <span class='ocrx_word' id='word_1_55' title='bbox 1712 469 1829 505; x_wconf 86' lang='lat' dir='ltr'>inteu-</span> 
     </span>
     <span class='ocr_line' id='line_1_18' title="bbox 487 531 1831 575; baseline 0 -8"><span class='ocrx_word' id='word_1_56' title='bbox 487 531 555 568; x_wconf 84' lang='lat' dir='ltr'>fior</span> <span class='ocrx_word' id='word_1_57' title='bbox 571 537 605 568; x_wconf 90' lang='lat' dir='ltr'>et</span> <span class='ocrx_word' id='word_1_58' title='bbox 627 533 886 575; x_wconf 87' lang='lat' dir='ltr'>vehementior,</span> <span class='ocrx_word' id='word_1_59' title='bbox 905 532 959 568; x_wconf 92' lang='lat' dir='ltr'>vel</span> <span class='ocrx_word' id='word_1_60' title='bbox 986 531 1157 568; x_wconf 85' lang='lat' dir='ltr'>remiffior</span> <span class='ocrx_word' id='word_1_61' title='bbox 1174 539 1208 567; x_wconf 90' lang='lat' dir='ltr'>et</span> <span class='ocrx_word' id='word_1_62' title='bbox 1231 532 1367 568; x_wconf 86' lang='lat' dir='ltr'>mitior.</span> <span class='ocrx_word' id='word_1_63' title='bbox 1413 531 1613 572; x_wconf 74' lang='lat' dir='ltr'>Quartum,</span> <span class='ocrx_word' id='word_1_64' title='bbox 1630 545 1715 568; x_wconf 89' lang='lat' dir='ltr'>cum</span> <span class='ocrx_word' id='word_1_65' title='bbox 1735 544 1831 568; x_wconf 80' lang='lat' dir='ltr'>unus</span> 
     </span>
     <span class='ocr_line' id='line_1_19' title="bbox 489 594 1828 644; baseline 0.001 -13"><span class='ocrx_word' id='word_1_66' title='bbox 489 595 718 644; x_wconf 85' lang='lat' dir='ltr'>magistratus</span> <span class='ocrx_word' id='word_1_67' title='bbox 736 595 922 644; x_wconf 81' lang='lat' dir='ltr'>antiquior</span> <span class='ocrx_word' id='word_1_68' title='bbox 941 595 1092 637; x_wconf 83' lang='lat' dir='ltr'>tollitur,</span> <span class='ocrx_word' id='word_1_69' title='bbox 1111 594 1166 631; x_wconf 90' lang='lat' dir='ltr'>vel</span> <span class='ocrx_word' id='word_1_70' title='bbox 1187 607 1300 631; x_wconf 86' lang='lat' dir='ltr'>novus</span> <span class='ocrx_word' id='word_1_71' title='bbox 1321 594 1531 631; x_wconf 84' lang='lat' dir='ltr'>instituitur.</span> <span class='ocrx_word' id='word_1_72' title='bbox 1583 596 1682 632; x_wconf 91' lang='lat' dir='ltr'>Tum</span> <span class='ocrx_word' id='word_1_73' title='bbox 1702 596 1828 632; x_wconf 86' lang='lat' dir='ltr'>admo-</span> 
     </span>
     <span class='ocr_line' id='line_1_20' title="bbox 488 656 1830 707; baseline 0.001 -14"><span class='ocrx_word' id='word_1_74' title='bbox 488 665 550 694; x_wconf 87' lang='lat' dir='ltr'>net</span> <span class='ocrx_word' id='word_1_75' title='bbox 573 657 842 695; x_wconf 88' lang='lat' dir='ltr'>Democratiam</span> <span class='ocrx_word' id='word_1_76' title='bbox 871 665 907 694; x_wconf 89' lang='lat' dir='ltr'>et</span> <span class='ocrx_word' id='word_1_77' title='bbox 933 657 1184 707; x_wconf 87' lang='lat' dir='ltr'>Oligarchiam</span> <span class='ocrx_word' id='word_1_78' title='bbox 1210 657 1276 694; x_wconf 72' lang='lat' dir='ltr'>ess&#39;e</span> <span class='ocrx_word' id='word_1_79' title='bbox 1302 656 1559 706; x_wconf 85' lang='lat' dir='ltr'>frequentiores</span> <span class='ocrx_word' id='word_1_80' title='bbox 1578 664 1613 694; x_wconf 87' lang='lat' dir='ltr'>et</span> <span class='ocrx_word' id='word_1_81' title='bbox 1632 659 1830 695; x_wconf 79' lang='lat' dir='ltr'>usitatiores</span> 
     </span>
     <span class='ocr_line' id='line_1_21' title="bbox 487 720 1828 771; baseline 0 -13"><span class='ocrx_word' id='word_1_82' title='bbox 487 721 721 770; x_wconf 79' lang='lat' dir='ltr'>Respublicas</span> <span class='ocrx_word' id='word_1_83' title='bbox 740 736 748 758; x_wconf 71' lang='grc' dir='ltr'><strong><em>ε</em></strong></span> <span class='ocrx_word' id='word_1_84' title='bbox 790 721 878 770; x_wconf 90' lang='lat' dir='ltr'>quia</span> <span class='ocrx_word' id='word_1_85' title='bbox 912 721 1050 758; x_wconf 86' lang='lat' dir='ltr'>nobiles</span> <span class='ocrx_word' id='word_1_86' title='bbox 1085 721 1268 770; x_wconf 89' lang='lat' dir='ltr'>bonosque</span> <span class='ocrx_word' id='word_1_87' title='bbox 1302 720 1396 757; x_wconf 84' lang='lat' dir='ltr'>viros</span> <span class='ocrx_word' id='word_1_88' title='bbox 1431 720 1612 770; x_wconf 85' lang='lat' dir='ltr'>nusquam</span> <span class='ocrx_word' id='word_1_89' title='bbox 1648 722 1828 771; x_wconf 89' lang='lat' dir='ltr'>gentium,</span> 
     </span>
     <span class='ocr_line' id='line_1_22' title="bbox 485 783 1827 845; baseline 0.001 -24"><span class='ocrx_word' id='word_1_90' title='bbox 485 791 634 822; x_wconf 89' lang='lat' dir='ltr'>centum</span> <span class='ocrx_word' id='word_1_91' title='bbox 653 786 831 835; x_wconf 81' lang='lat' dir='ltr'>reperias3</span> <span class='ocrx_word' id='word_1_92' title='bbox 860 792 1002 834; x_wconf 85' lang='lat' dir='ltr'>egentes</span> <span class='ocrx_word' id='word_1_93' title='bbox 1021 791 1056 821; x_wconf 87' lang='lat' dir='ltr'>et</span> <span class='ocrx_word' id='word_1_94' title='bbox 1076 785 1257 845; x_wconf 70' lang='lat' dir='ltr'>improbos</span> <span class='ocrx_word' id='word_1_95' title='bbox 1275 783 1397 834; x_wconf 85' lang='lat' dir='ltr'>paffim</span> <span class='ocrx_word' id='word_1_96' title='bbox 1424 785 1613 834; x_wconf 84' lang='lat' dir='ltr'>plurimos.</span> <span class='ocrx_word' id='word_1_97' title='bbox 1667 786 1734 822; x_wconf 90' lang='lat' dir='ltr'>Sed</span> <span class='ocrx_word' id='word_1_98' title='bbox 1761 787 1827 822; x_wconf 81' lang='lat' dir='ltr'>has</span> 
     </span>
     <span class='ocr_line' id='line_1_23' title="bbox 485 848 1827 899; baseline 0.002 -15"><span class='ocrx_word' id='word_1_99' title='bbox 485 854 608 885; x_wconf 87' lang='lat' dir='ltr'>tamen</span> <span class='ocrx_word' id='word_1_100' title='bbox 637 849 701 885; x_wconf 81' lang='lat' dir='ltr'>effe</span> <span class='ocrx_word' id='word_1_101' title='bbox 730 848 873 885; x_wconf 84' lang='lat' dir='ltr'>vitiosas</span> <span class='ocrx_word' id='word_1_102' title='bbox 901 849 998 898; x_wconf 89' lang='lat' dir='ltr'>quod</span> <span class='ocrx_word' id='word_1_103' title='bbox 1024 849 1125 885; x_wconf 85' lang='lat' dir='ltr'>docet</span> <span class='ocrx_word' id='word_1_104' title='bbox 1152 856 1312 886; x_wconf 82' lang='lat' dir='ltr'>eventus.</span> <span class='ocrx_word' id='word_1_105' title='bbox 1366 850 1459 886; x_wconf 88' lang='lat' dir='ltr'>Sunt</span> <span class='ocrx_word' id='word_1_106' title='bbox 1476 850 1574 886; x_wconf 89' lang='lat' dir='ltr'>enim</span> <span class='ocrx_word' id='word_1_107' title='bbox 1600 863 1729 899; x_wconf 85' lang='lat' dir='ltr'>parum</span> <span class='ocrx_word' id='word_1_108' title='bbox 1759 850 1827 887; x_wconf 89' lang='lat' dir='ltr'>sta-</span> 
     </span>
     <span class='ocr_line' id='line_1_24' title="bbox 484 911 1826 962; baseline 0.002 -14"><span class='ocrx_word' id='word_1_109' title='bbox 484 912 572 949; x_wconf 73' lang='lat' dir='ltr'>biles</span> <span class='ocrx_word' id='word_1_110' title='bbox 590 918 653 948; x_wconf 89' lang='lat' dir='ltr'>aut</span> <span class='ocrx_word' id='word_1_111' title='bbox 671 912 866 955; x_wconf 78' lang='lat' dir='ltr'>diuturnae,</span> <span class='ocrx_word' id='word_1_112' title='bbox 880 925 923 949; x_wconf 93' lang='lat' dir='ltr'>eo</span> <span class='ocrx_word' id='word_1_113' title='bbox 940 911 1036 962; x_wconf 90' lang='lat' dir='ltr'>quod</span> <span class='ocrx_word' id='word_1_114' title='bbox 1058 912 1151 949; x_wconf 87' lang='lat' dir='ltr'>male</span> <span class='ocrx_word' id='word_1_115' title='bbox 1168 913 1329 962; x_wconf 86' lang='lat' dir='ltr'>primum</span> <span class='ocrx_word' id='word_1_116' title='bbox 1349 912 1483 950; x_wconf 87' lang='lat' dir='ltr'>fuerint</span> <span class='ocrx_word' id='word_1_117' title='bbox 1501 913 1685 951; x_wconf 86' lang='lat' dir='ltr'>institutae.</span> <span class='ocrx_word' id='word_1_118' title='bbox 1729 912 1826 952; x_wconf 62' lang='grc' dir='ltr'>Ἀδύ-</span> 
     </span>
     <span class='ocr_line' id='line_1_25' title="bbox 483 974 1827 1027; baseline 0.001 -16"><span class='ocrx_word' id='word_1_119' title='bbox 483 991 574 1012; x_wconf 69' lang='grc' dir='ltr'><strong><em>νατον</em></strong></span> <span class='ocrx_word' id='word_1_120' title='bbox 602 975 666 1026; x_wconf 73' lang='grc' dir='ltr'>’γὰρ</span> <span class='ocrx_word' id='word_1_121' title='bbox 694 975 764 1013; x_wconf 73' lang='grc' dir='ltr'>ἀπὸ</span> <span class='ocrx_word' id='word_1_122' title='bbox 791 980 848 1012; x_wconf 80' lang='grc' dir='ltr'>τοῦ</span> <span class='ocrx_word' id='word_1_123' title='bbox 874 974 998 1026; x_wconf 64' lang='grc' dir='ltr'><strong>πρῶτον</strong></span> <span class='ocrx_word' id='word_1_124' title='bbox 1022 974 1080 1012; x_wconf 70' lang='grc' dir='ltr'>καὶ</span> <span class='ocrx_word' id='word_1_125' title='bbox 1105 979 1162 1012; x_wconf 77' lang='grc' dir='ltr'>τοῦ</span> <span class='ocrx_word' id='word_1_126' title='bbox 1190 979 1218 1013; x_wconf 73' lang='grc' dir='ltr'>ἓν</span> <span class='ocrx_word' id='word_1_127' title='bbox 1239 975 1330 1026; x_wconf 65' lang='grc' dir='ltr'>ἀρχῇ</span> <span class='ocrx_word' id='word_1_128' title='bbox 1347 978 1584 1026; x_wconf 71' lang='grc' dir='ltr'>ἡμαρτημένου,</span> <span class='ocrx_word' id='word_1_129' title='bbox 1604 974 1651 1024; x_wconf 60' lang='grc' dir='ltr'>μὴ</span> <span class='ocrx_word' id='word_1_130' title='bbox 1669 975 1827 1027; x_wconf 48' lang='lat' dir='ltr'>&amp;rava-cliv</span> 
     </span>
     <span class='ocr_line' id='line_1_26' title="bbox 482 1038 1823 1087; baseline 0.001 -14"><span class='ocrx_word' id='word_1_131' title='bbox 482 1040 525 1080; x_wconf 75' lang='grc' dir='ltr'>εἰς</span> <span class='ocrx_word' id='word_1_132' title='bbox 551 1038 588 1075; x_wconf 73' lang='grc' dir='ltr'>τὸ</span> <span class='ocrx_word' id='word_1_133' title='bbox 614 1042 703 1080; x_wconf 73' lang='grc' dir='ltr'><strong>τέλος</strong></span> <span class='ocrx_word' id='word_1_134' title='bbox 731 1040 827 1076; x_wconf 72' lang='grc' dir='ltr'><em>κακόν</em></span> <span class='ocrx_word' id='word_1_135' title='bbox 855 1055 901 1076; x_wconf 76' lang='grc' dir='ltr'>τι.</span> <span class='ocrx_word' id='word_1_136' title='bbox 956 1038 1112 1087; x_wconf 85' lang='lat' dir='ltr'>Egregia</span> <span class='ocrx_word' id='word_1_137' title='bbox 1128 1038 1177 1075; x_wconf 86' lang='lat' dir='ltr'>est</span> <span class='ocrx_word' id='word_1_138' title='bbox 1194 1051 1327 1087; x_wconf 86' lang='lat' dir='ltr'>gnome</span> <span class='ocrx_word' id='word_1_139' title='bbox 1350 1051 1462 1087; x_wconf 88' lang='lat' dir='ltr'>quam</span> <span class='ocrx_word' id='word_1_140' title='bbox 1482 1039 1549 1075; x_wconf 89' lang='lat' dir='ltr'>hoc</span> <span class='ocrx_word' id='word_1_141' title='bbox 1566 1038 1704 1077; x_wconf 89' lang='lat' dir='ltr'>Alciati</span> <span class='ocrx_word' id='word_1_142' title='bbox 1722 1038 1823 1075; x_wconf 84' lang='lat' dir='ltr'>disti-</span> 
     </span>
     <span class='ocr_line' id='line_1_27' title="bbox 480 1101 924 1151; baseline 0.002 -14"><span class='ocrx_word' id='word_1_143' title='bbox 480 1101 549 1137; x_wconf 83' lang='lat' dir='ltr'>cbo</span> <span class='ocrx_word' id='word_1_144' title='bbox 567 1101 708 1137; x_wconf 85' lang='lat' dir='ltr'>reddere</span> <span class='ocrx_word' id='word_1_145' title='bbox 727 1101 924 1151; x_wconf 76' lang='lat' dir='ltr'>possumus·</span> 
     </span>
     <span class='ocr_line' id='line_1_28' title="bbox 583 1162 1429 1214; baseline -0.001 -13"><span class='ocrx_word' id='word_1_146' title='bbox 583 1163 748 1214; x_wconf 79' lang='lat' dir='ltr'>Auspiciis</span> <span class='ocrx_word' id='word_1_147' title='bbox 765 1176 815 1201; x_wconf 79' lang='lat' dir='ltr'>res</span> <span class='ocrx_word' id='word_1_148' title='bbox 834 1171 943 1214; x_wconf 85' lang='lat' dir='ltr'>coepta</span> <span class='ocrx_word' id='word_1_149' title='bbox 962 1163 1072 1207; x_wconf 85' lang='lat' dir='ltr'>malis,</span> <span class='ocrx_word' id='word_1_150' title='bbox 1094 1163 1171 1200; x_wconf 80' lang='lat' dir='ltr'>bene</span> <span class='ocrx_word' id='word_1_151' title='bbox 1186 1163 1295 1202; x_wconf 74' lang='lat' dir='ltr'>cedere</span> <span class='ocrx_word' id='word_1_152' title='bbox 1310 1162 1406 1214; x_wconf 62' lang='lat' dir='ltr'>nqscit</span> <span class='ocrx_word' id='word_1_153' title='bbox 1417 1179 1429 1200; x_wconf 82' lang='lat'>.-</span> 
     </span>
     <span class='ocr_line' id='line_1_29' title="bbox 636 1227 1325 1278; baseline 0 -14"><span class='ocrx_word' id='word_1_154' title='bbox 636 1228 738 1265; x_wconf 79' lang='lat' dir='ltr'>Felici</span> <span class='ocrx_word' id='word_1_155' title='bbox 756 1227 923 1278; x_wconf 83' lang='lat' dir='ltr'>quaesunt</span> <span class='ocrx_word' id='word_1_156' title='bbox 940 1227 1042 1264; x_wconf 82' lang='lat' dir='ltr'>omine</span> <span class='ocrx_word' id='word_1_157' title='bbox 1047 1227 1169 1275; x_wconf 61' lang='lat' dir='ltr'>sada,</span> <span class='ocrx_word' id='word_1_158' title='bbox 1178 1227 1325 1274; x_wconf 83' lang='lat' dir='ltr'>juvant.</span> 
     </span>
    </p>

    <p class='ocr_par' dir='ltr' id='par_1_7' title="bbox 474 1290 1821 1721">
     <span class='ocr_line' id='line_1_30' title="bbox 531 1290 1821 1341; baseline 0.002 -13"><span class='ocrx_word' id='word_1_159' title='bbox 531 1291 742 1336; x_wconf 80' lang='lat' dir='ltr'>Concludit,</span> <span class='ocrx_word' id='word_1_160' title='bbox 770 1293 808 1329; x_wconf 91' lang='lat' dir='ltr'>in</span> <span class='ocrx_word' id='word_1_161' title='bbox 834 1292 981 1329; x_wconf 87' lang='lat' dir='ltr'>civitate</span> <span class='ocrx_word' id='word_1_162' title='bbox 1010 1290 1215 1328; x_wconf 88' lang='lat' dir='ltr'>servandam</span> <span class='ocrx_word' id='word_1_163' title='bbox 1235 1291 1300 1328; x_wconf 80' lang='lat' dir='ltr'>effe</span> <span class='ocrx_word' id='word_1_164' title='bbox 1318 1291 1579 1341; x_wconf 81' lang='lat' dir='ltr'>aequalitatem,</span> <span class='ocrx_word' id='word_1_165' title='bbox 1597 1305 1668 1329; x_wconf 90' lang='lat' dir='ltr'>non</span> <span class='ocrx_word' id='word_1_166' title='bbox 1690 1291 1821 1330; x_wconf 86' lang='lat' dir='ltr'>Arith-</span> 
     </span>
     <span class='ocr_line' id='line_1_31' title="bbox 478 1354 1820 1405; baseline 0.001 -14"><span class='ocrx_word' id='word_1_167' title='bbox 478 1355 648 1392; x_wconf 87' lang='lat' dir='ltr'>meticam</span> <span class='ocrx_word' id='word_1_168' title='bbox 681 1361 839 1398; x_wconf 85' lang='lat' dir='ltr'>tantum,</span> <span class='ocrx_word' id='word_1_169' title='bbox 867 1368 950 1404; x_wconf 84' lang='lat' dir='ltr'>quae</span> <span class='ocrx_word' id='word_1_170' title='bbox 978 1355 1002 1391; x_wconf 82' lang='lat' dir='ltr'><strong>fi</strong></span> <span class='ocrx_word' id='word_1_171' title='bbox 1032 1354 1102 1391; x_wconf 90' lang='lat' dir='ltr'>sola</span> <span class='ocrx_word' id='word_1_172' title='bbox 1131 1354 1190 1397; x_wconf 90' lang='lat' dir='ltr'>est,</span> <span class='ocrx_word' id='word_1_173' title='bbox 1217 1354 1388 1392; x_wconf 87' lang='lat' dir='ltr'>subvertit</span> <span class='ocrx_word' id='word_1_174' title='bbox 1415 1355 1671 1405; x_wconf 85' lang='lat' dir='ltr'>Respublicas;</span> <span class='ocrx_word' id='word_1_175' title='bbox 1701 1356 1757 1393; x_wconf 88' lang='lat' dir='ltr'>sed</span> <span class='ocrx_word' id='word_1_176' title='bbox 1784 1363 1820 1394; x_wconf 88' lang='lat' dir='ltr'>et</span> 
     </span>
     <span class='ocr_line' id='line_1_32' title="bbox 476 1418 1819 1469; baseline 0.001 -14"><span class='ocrx_word' id='word_1_177' title='bbox 476 1418 759 1463; x_wconf 87' lang='lat' dir='ltr'>Geometricam,</span> <span class='ocrx_word' id='word_1_178' title='bbox 785 1431 868 1468; x_wconf 78' lang='lat' dir='ltr'>quae</span> <span class='ocrx_word' id='word_1_179' title='bbox 894 1432 937 1455; x_wconf 88' lang='lat' dir='ltr'>ex</span> <span class='ocrx_word' id='word_1_180' title='bbox 963 1418 1142 1468; x_wconf 82' lang='lat' dir='ltr'>dignitate</span> <span class='ocrx_word' id='word_1_181' title='bbox 1167 1419 1378 1463; x_wconf 87' lang='lat' dir='ltr'>aestimatur‚</span> <span class='ocrx_word' id='word_1_182' title='bbox 1397 1426 1439 1455; x_wconf 91' lang='lat' dir='ltr'>ut</span> <span class='ocrx_word' id='word_1_183' title='bbox 1466 1419 1529 1456; x_wconf 88' lang='lat' dir='ltr'>illa</span> <span class='ocrx_word' id='word_1_184' title='bbox 1548 1433 1592 1456; x_wconf 84' lang='lat' dir='ltr'>ex</span> <span class='ocrx_word' id='word_1_185' title='bbox 1610 1420 1819 1469; x_wconf 80' lang='lat' dir='ltr'>aequalitate</span> 
     </span>
     <span class='ocr_line' id='line_1_33' title="bbox 477 1481 1817 1532; baseline 0.001 -14"><span class='ocrx_word' id='word_1_186' title='bbox 477 1482 742 1532; x_wconf 85' lang='lat' dir='ltr'>magnitudinis</span> <span class='ocrx_word' id='word_1_187' title='bbox 759 1489 795 1519; x_wconf 88' lang='lat' dir='ltr'>et</span> <span class='ocrx_word' id='word_1_188' title='bbox 813 1481 1071 1520; x_wconf 86' lang='lat' dir='ltr'>multitudinis.</span> <span class='ocrx_word' id='word_1_189' title='bbox 1122 1482 1311 1520; x_wconf 89' lang='lat' dir='ltr'>Tutiorem</span> <span class='ocrx_word' id='word_1_190' title='bbox 1339 1495 1445 1532; x_wconf 85' lang='lat' dir='ltr'>porro</span> <span class='ocrx_word' id='word_1_191' title='bbox 1463 1482 1528 1519; x_wconf 77' lang='lat' dir='ltr'>effe</span> <span class='ocrx_word' id='word_1_192' title='bbox 1546 1483 1817 1521; x_wconf 87' lang='lat' dir='ltr'>Democratiam</span> 
     </span>
     <span class='ocr_line' id='line_1_34' title="bbox 474 1545 1816 1596; baseline 0.002 -15"><span class='ocrx_word' id='word_1_193' title='bbox 474 1545 702 1595; x_wconf 86' lang='lat' dir='ltr'>Oligarchia,</span> <span class='ocrx_word' id='word_1_194' title='bbox 721 1546 809 1595; x_wconf 90' lang='lat' dir='ltr'>quia</span> <span class='ocrx_word' id='word_1_195' title='bbox 827 1546 864 1582; x_wconf 92' lang='lat' dir='ltr'>in</span> <span class='ocrx_word' id='word_1_196' title='bbox 884 1546 949 1582; x_wconf 90' lang='lat' dir='ltr'>hac</span> <span class='ocrx_word' id='word_1_197' title='bbox 970 1545 1157 1582; x_wconf 84' lang='lat' dir='ltr'>seditiones</span> <span class='ocrx_word' id='word_1_198' title='bbox 1184 1546 1364 1589; x_wconf 87' lang='lat' dir='ltr'>oriuntur,</span> <span class='ocrx_word' id='word_1_199' title='bbox 1384 1549 1426 1582; x_wconf 68' lang='lat' dir='ltr'>&#39;et</span> <span class='ocrx_word' id='word_1_200' title='bbox 1453 1558 1652 1595; x_wconf 87' lang='lat' dir='ltr'>paucorum</span> <span class='ocrx_word' id='word_1_201' title='bbox 1680 1547 1816 1596; x_wconf 85' lang='lat' dir='ltr'>princi-</span> 
     </span>
     <span class='ocr_line' id='line_1_35' title="bbox 474 1608 1813 1660; baseline 0.001 -15"><span class='ocrx_word' id='word_1_202' title='bbox 474 1621 564 1657; x_wconf 88' lang='lat' dir='ltr'>pum</span> <span class='ocrx_word' id='word_1_203' title='bbox 595 1609 689 1646; x_wconf 84' lang='lat' dir='ltr'>inter</span> <span class='ocrx_word' id='word_1_204' title='bbox 715 1608 761 1651; x_wconf 90' lang='lat' dir='ltr'>se,</span> <span class='ocrx_word' id='word_1_205' title='bbox 788 1615 823 1646; x_wconf 91' lang='lat' dir='ltr'>et</span> <span class='ocrx_word' id='word_1_206' title='bbox 854 1609 1047 1651; x_wconf 89' lang='lat' dir='ltr'>eorundem</span> <span class='ocrx_word' id='word_1_207' title='bbox 1077 1608 1240 1645; x_wconf 84' lang='lat' dir='ltr'>adversus</span> <span class='ocrx_word' id='word_1_208' title='bbox 1267 1609 1459 1658; x_wconf 87' lang='lat' dir='ltr'>populum.</span> <span class='ocrx_word' id='word_1_209' title='bbox 1514 1609 1608 1647; x_wconf 91' lang='lat' dir='ltr'>Item</span> <span class='ocrx_word' id='word_1_210' title='bbox 1630 1610 1720 1660; x_wconf 90' lang='lat' dir='ltr'>quia</span> <span class='ocrx_word' id='word_1_211' title='bbox 1738 1611 1813 1647; x_wconf 88' lang='lat' dir='ltr'>De-</span> 
     </span>
     <span class='ocr_line' id='line_1_36' title="bbox 474 1671 1811 1721; baseline 0.001 -12"><span class='ocrx_word' id='word_1_212' title='bbox 474 1674 650 1709; x_wconf 88' lang='lat' dir='ltr'>mocratia</span> <span class='ocrx_word' id='word_1_213' title='bbox 669 1672 816 1709; x_wconf 78' lang='lat' dir='ltr'>similior</span> <span class='ocrx_word' id='word_1_214' title='bbox 832 1672 879 1708; x_wconf 85' lang='lat' dir='ltr'>est</span> <span class='ocrx_word' id='word_1_215' title='bbox 898 1672 930 1708; x_wconf 90' lang='lat' dir='ltr'>ei</span> <span class='ocrx_word' id='word_1_216' title='bbox 949 1671 1187 1720; x_wconf 80' lang='lat' dir='ltr'>Reipublicae,</span> <span class='ocrx_word' id='word_1_217' title='bbox 1205 1686 1287 1721; x_wconf 84' lang='lat' dir='ltr'>quae</span> <span class='ocrx_word' id='word_1_218' title='bbox 1313 1685 1356 1708; x_wconf 84' lang='lat' dir='ltr'>ex</span> <span class='ocrx_word' id='word_1_219' title='bbox 1386 1673 1623 1710; x_wconf 85' lang='lat' dir='ltr'>mediocribus</span> <span class='ocrx_word' id='word_1_220' title='bbox 1647 1673 1784 1711; x_wconf 87' lang='lat' dir='ltr'>constat</span> <span class='ocrx_word' id='word_1_221' title='bbox 1800 1688 1811 1711; x_wconf 73' lang='grc' dir='ltr'><strong><em>ε</em></strong></span> 
     </span>
    </p>
   </div>
   <div class='ocr_carea' id='block_1_6' title="bbox 473 1736 1342 1785">
    <p class='ocr_par' dir='ltr' id='par_1_8' title="bbox 473 1736 1342 1785">
     <span class='ocr_line' id='line_1_37' title="bbox 473 1736 1342 1785; baseline 0.002 -13"><span class='ocrx_word' id='word_1_222' title='bbox 473 1744 510 1772; x_wconf 88' lang='lat' dir='ltr'>at</span> <span class='ocrx_word' id='word_1_223' title='bbox 529 1737 606 1774; x_wconf 86' lang='lat' dir='ltr'>haec</span> <span class='ocrx_word' id='word_1_224' title='bbox 625 1736 791 1774; x_wconf 90' lang='lat' dir='ltr'>omnium</span> <span class='ocrx_word' id='word_1_225' title='bbox 809 1736 858 1773; x_wconf 86' lang='lat' dir='ltr'>est</span> <span class='ocrx_word' id='word_1_226' title='bbox 876 1737 1141 1785; x_wconf 74' lang='grc' dir='ltr'>ἀσφαλεστάτη,</span> <span class='ocrx_word' id='word_1_227' title='bbox 1160 1736 1342 1774; x_wconf 81' lang='lat' dir='ltr'>tutiffima.</span> 
     </span>
    </p>
   </div>
   <div class='ocr_carea' id='block_1_7' title="bbox 954 1841 1324 1893">
    <p class='ocr_par' dir='ltr' id='par_1_9' title="bbox 954 1841 1324 1893">
     <span class='ocr_line' id='line_1_38' title="bbox 954 1841 1324 1893; baseline 0.005 -15"><span class='ocrx_word' id='word_1_228' title='bbox 954 1841 1017 1878; x_wconf 83' lang='lat' dir='ltr'>Ad</span> <span class='ocrx_word' id='word_1_229' title='bbox 1035 1841 1119 1893; x_wconf 85' lang='lat' dir='ltr'>Cap.</span> <span class='ocrx_word' id='word_1_230' title='bbox 1127 1841 1324 1892; x_wconf 71' lang='lat' dir='ltr'>ficundum.</span> 
     </span>
    </p>
   </div>
   <div class='ocr_carea' id='block_1_8' title="bbox 455 1927 1824 2869">
    <p class='ocr_par' dir='ltr' id='par_1_10' title="bbox 455 1927 1824 2869">
     <span class='ocr_line' id='line_1_39' title="bbox 522 1927 1813 1978; baseline 0 -13"><span class='ocrx_word' id='word_1_231' title='bbox 522 1928 683 1978; x_wconf 77' lang='lat' dir='ltr'>Exponit</span> <span class='ocrx_word' id='word_1_232' title='bbox 702 1927 918 1966; x_wconf 86' lang='lat' dir='ltr'>seditionum</span> <span class='ocrx_word' id='word_1_233' title='bbox 948 1928 1180 1965; x_wconf 88' lang='lat' dir='ltr'>Politicarum</span> <span class='ocrx_word' id='word_1_234' title='bbox 1201 1927 1322 1965; x_wconf 84' lang='lat' dir='ltr'>causas</span> <span class='ocrx_word' id='word_1_235' title='bbox 1339 1928 1532 1978; x_wconf 76' lang='lat' dir='ltr'>generaleS,</span> <span class='ocrx_word' id='word_1_236' title='bbox 1550 1928 1675 1978; x_wconf 88' lang='lat' dir='ltr'>aitque</span> <span class='ocrx_word' id='word_1_237' title='bbox 1692 1928 1813 1978; x_wconf 83' lang='lat' dir='ltr'>primo</span> 
     </span>
     <span class='ocr_line' id='line_1_40' title="bbox 469 1991 1811 2041; baseline 0.001 -14"><span class='ocrx_word' id='word_1_238' title='bbox 469 1992 759 2029; x_wconf 74' lang='lat' dir='ltr'>considerandam</span> <span class='ocrx_word' id='word_1_239' title='bbox 791 1991 856 2029; x_wconf 82' lang='lat' dir='ltr'>effe</span> <span class='ocrx_word' id='word_1_240' title='bbox 886 2004 1068 2028; x_wconf 85' lang='lat' dir='ltr'>erroneam</span> <span class='ocrx_word' id='word_1_241' title='bbox 1103 1991 1202 2028; x_wconf 90' lang='lat' dir='ltr'>illam</span> <span class='ocrx_word' id='word_1_242' title='bbox 1236 1991 1446 2040; x_wconf 88' lang='lat' dir='ltr'>opinionem</span> <span class='ocrx_word' id='word_1_243' title='bbox 1480 1991 1632 2035; x_wconf 87' lang='lat' dir='ltr'>civium,</span> <span class='ocrx_word' id='word_1_244' title='bbox 1667 2004 1741 2041; x_wconf 84' lang='lat' dir='ltr'>qua</span> <span class='ocrx_word' id='word_1_245' title='bbox 1777 1991 1811 2028; x_wconf 85' lang='lat' dir='ltr'>se</span> 
     </span>
     <span class='ocr_line' id='line_1_41' title="bbox 469 2054 1811 2105; baseline -0.001 -13"><span class='ocrx_word' id='word_1_246' title='bbox 469 2067 570 2105; x_wconf 87' lang='lat' dir='ltr'>pares</span> <span class='ocrx_word' id='word_1_247' title='bbox 601 2056 767 2099; x_wconf 88' lang='lat' dir='ltr'>omnino,</span> <span class='ocrx_word' id='word_1_248' title='bbox 797 2056 851 2092; x_wconf 92' lang='lat' dir='ltr'>vel</span> <span class='ocrx_word' id='word_1_249' title='bbox 885 2056 1039 2104; x_wconf 85' lang='lat' dir='ltr'>impares</span> <span class='ocrx_word' id='word_1_250' title='bbox 1072 2054 1137 2092; x_wconf 85' lang='lat' dir='ltr'>effe</span> <span class='ocrx_word' id='word_1_251' title='bbox 1164 2061 1306 2104; x_wconf 89' lang='lat' dir='ltr'>putent.</span> <span class='ocrx_word' id='word_1_252' title='bbox 1361 2055 1463 2092; x_wconf 90' lang='lat' dir='ltr'>Hinc</span> <span class='ocrx_word' id='word_1_253' title='bbox 1489 2054 1587 2091; x_wconf 91' lang='lat' dir='ltr'>enim</span> <span class='ocrx_word' id='word_1_254' title='bbox 1619 2054 1661 2092; x_wconf 87' lang='lat' dir='ltr'>fit</span> <span class='ocrx_word' id='word_1_255' title='bbox 1686 2061 1728 2092; x_wconf 88' lang='lat' dir='ltr'>ut</span> <span class='ocrx_word' id='word_1_256' title='bbox 1754 2055 1811 2092; x_wconf 89' lang='lat' dir='ltr'>vel</span> 
     </span>
     <span class='ocr_line' id='line_1_42' title="bbox 467 2108 1810 2168; baseline 0.001 -13"><span class='ocrx_word' id='word_1_257' title='bbox 467 2119 570 2168; x_wconf 90' lang='lat' dir='ltr'>paria</span> <span class='ocrx_word' id='word_1_258' title='bbox 596 2119 719 2156; x_wconf 90' lang='lat' dir='ltr'>omnia</span> <span class='ocrx_word' id='word_1_259' title='bbox 749 2119 787 2156; x_wconf 89' lang='lat' dir='ltr'>in</span> <span class='ocrx_word' id='word_1_260' title='bbox 814 2119 960 2155; x_wconf 89' lang='lat' dir='ltr'>civitate</span> <span class='ocrx_word' id='word_1_261' title='bbox 987 2108 1112 2155; x_wconf 75' lang='lat' dir='ltr'>debere</span> <span class='ocrx_word' id='word_1_262' title='bbox 1140 2117 1174 2155; x_wconf 89' lang='lat' dir='ltr'>se</span> <span class='ocrx_word' id='word_1_263' title='bbox 1204 2118 1364 2155; x_wconf 87' lang='lat' dir='ltr'>obtinere</span> <span class='ocrx_word' id='word_1_264' title='bbox 1389 2119 1534 2155; x_wconf 90' lang='lat' dir='ltr'>credant</span> <span class='ocrx_word' id='word_1_265' title='bbox 1549 2135 1559 2165; x_wconf 69' lang='grc' dir='ltr'>ς</span> <span class='ocrx_word' id='word_1_266' title='bbox 1590 2119 1646 2155; x_wconf 89' lang='lat' dir='ltr'>vel</span> <span class='ocrx_word' id='word_1_267' title='bbox 1673 2117 1810 2168; x_wconf 82' lang='lat' dir='ltr'>majora</span> 
     </span>
     <span class='ocr_line' id='line_1_43' title="bbox 466 2173 1808 2230; baseline 0.001 -12"><span class='ocrx_word' id='word_1_268' title='bbox 466 2182 560 2225; x_wconf 87' lang='lat' dir='ltr'>aliis,</span> <span class='ocrx_word' id='word_1_269' title='bbox 591 2189 700 2230; x_wconf 83' lang='lat' dir='ltr'>atque</span> <span class='ocrx_word' id='word_1_270' title='bbox 732 2173 819 2220; x_wconf 79' lang='lat' dir='ltr'>adeo</span> <span class='ocrx_word' id='word_1_271' title='bbox 850 2183 875 2218; x_wconf 85' lang='lat' dir='ltr'>fi</span> <span class='ocrx_word' id='word_1_272' title='bbox 907 2195 979 2218; x_wconf 92' lang='lat' dir='ltr'>non</span> <span class='ocrx_word' id='word_1_273' title='bbox 1014 2181 1215 2224; x_wconf 88' lang='lat' dir='ltr'>obtineant,</span> <span class='ocrx_word' id='word_1_274' title='bbox 1252 2181 1438 2219; x_wconf 84' lang='lat' dir='ltr'>seditiones</span> <span class='ocrx_word' id='word_1_275' title='bbox 1474 2190 1654 2220; x_wconf 88' lang='lat' dir='ltr'>moveant.</span> <span class='ocrx_word' id='word_1_276' title='bbox 1711 2183 1808 2220; x_wconf 73' lang='lat' dir='ltr'>Quae</span> 
     </span>
     <span class='ocr_line' id='line_1_44' title="bbox 464 2245 1808 2296; baseline 0 -14"><span class='ocrx_word' id='word_1_277' title='bbox 464 2246 570 2283; x_wconf 85' lang='lat' dir='ltr'>causa</span> <span class='ocrx_word' id='word_1_278' title='bbox 597 2247 717 2296; x_wconf 89' lang='lat' dir='ltr'>primo</span> <span class='ocrx_word' id='word_1_279' title='bbox 743 2259 824 2295; x_wconf 89' lang='lat' dir='ltr'>cap.</span> <span class='ocrx_word' id='word_1_280' title='bbox 845 2245 917 2283; x_wconf 85' lang='lat' dir='ltr'>fuit</span> <span class='ocrx_word' id='word_1_281' title='bbox 941 2246 1113 2295; x_wconf 76' lang='lat' dir='ltr'>exposita.</span> <span class='ocrx_word' id='word_1_282' title='bbox 1165 2245 1311 2283; x_wconf 89' lang='lat' dir='ltr'>Deinde</span> <span class='ocrx_word' id='word_1_283' title='bbox 1337 2246 1532 2283; x_wconf 88' lang='lat' dir='ltr'>videndum</span> <span class='ocrx_word' id='word_1_284' title='bbox 1561 2246 1688 2290; x_wconf 88' lang='lat' dir='ltr'>etiam,</span> <span class='ocrx_word' id='word_1_285' title='bbox 1717 2259 1808 2296; x_wconf 91' lang='lat' dir='ltr'>qua-</span> 
     </span>
     <span class='ocr_line' id='line_1_45' title="bbox 466 2308 1808 2359; baseline 0 -13"><span class='ocrx_word' id='word_1_286' title='bbox 466 2322 548 2346; x_wconf 88' lang='lat' dir='ltr'>rum</span> <span class='ocrx_word' id='word_1_287' title='bbox 580 2322 701 2347; x_wconf 87' lang='lat' dir='ltr'>rerum</span> <span class='ocrx_word' id='word_1_288' title='bbox 733 2309 838 2346; x_wconf 89' lang='lat' dir='ltr'>causa</span> <span class='ocrx_word' id='word_1_289' title='bbox 867 2309 962 2346; x_wconf 90' lang='lat' dir='ltr'>cives</span> <span class='ocrx_word' id='word_1_290' title='bbox 991 2315 1290 2346; x_wconf 81' lang='lat' dir='ltr'>commoveantur</span> <span class='ocrx_word' id='word_1_291' title='bbox 1314 2317 1350 2345; x_wconf 92' lang='lat' dir='ltr'>et</span> <span class='ocrx_word' id='word_1_292' title='bbox 1376 2308 1571 2346; x_wconf 71' lang='lat' dir='ltr'>dissideant.</span> <span class='ocrx_word' id='word_1_293' title='bbox 1627 2310 1706 2347; x_wconf 87' lang='lat' dir='ltr'>Has</span> <span class='ocrx_word' id='word_1_294' title='bbox 1723 2322 1808 2359; x_wconf 87' lang='lat' dir='ltr'>ergo</span> 
     </span>
     <span class='ocr_line' id='line_1_46' title="bbox 463 2371 1806 2421; baseline -0.001 -12"><span class='ocrx_word' id='word_1_295' title='bbox 463 2372 530 2410; x_wconf 83' lang='lat' dir='ltr'>effe</span> <span class='ocrx_word' id='word_1_296' title='bbox 560 2373 703 2410; x_wconf 89' lang='lat' dir='ltr'>lucrum</span> <span class='ocrx_word' id='word_1_297' title='bbox 730 2379 766 2409; x_wconf 87' lang='lat' dir='ltr'>et</span> <span class='ocrx_word' id='word_1_298' title='bbox 795 2373 979 2413; x_wconf 86' lang='lat' dir='ltr'>honorem,</span> <span class='ocrx_word' id='word_1_299' title='bbox 1007 2378 1042 2408; x_wconf 88' lang='lat' dir='ltr'>et</span> <span class='ocrx_word' id='word_1_300' title='bbox 1070 2372 1126 2408; x_wconf 84' lang='lat' dir='ltr'>his</span> <span class='ocrx_word' id='word_1_301' title='bbox 1153 2371 1359 2408; x_wconf 84' lang='lat' dir='ltr'>contraria:</span> <span class='ocrx_word' id='word_1_302' title='bbox 1390 2372 1467 2408; x_wconf 86' lang='lat' dir='ltr'>haec</span> <span class='ocrx_word' id='word_1_303' title='bbox 1491 2371 1653 2421; x_wconf 87' lang='lat' dir='ltr'>quidem,</span> <span class='ocrx_word' id='word_1_304' title='bbox 1673 2377 1714 2408; x_wconf 91' lang='lat' dir='ltr'>ut</span> <span class='ocrx_word' id='word_1_305' title='bbox 1732 2372 1806 2408; x_wconf 90' lang='lat' dir='ltr'>evi-</span> 
     </span>
     <span class='ocr_line' id='line_1_47' title="bbox 461 2434 1808 2485; baseline -0.002 -10"><span class='ocrx_word' id='word_1_306' title='bbox 461 2443 585 2475; x_wconf 87' lang='lat' dir='ltr'>tentur</span> <span class='ocrx_word' id='word_1_307' title='bbox 598 2452 610 2482; x_wconf 79' lang='lat'>3</span> <span class='ocrx_word' id='word_1_308' title='bbox 641 2436 717 2480; x_wconf 90' lang='lat' dir='ltr'>illa,</span> <span class='ocrx_word' id='word_1_309' title='bbox 738 2443 778 2472; x_wconf 91' lang='lat' dir='ltr'>ut</span> <span class='ocrx_word' id='word_1_310' title='bbox 797 2441 1067 2485; x_wconf 75' lang='lat' dir='ltr'>comparentur.</span> <span class='ocrx_word' id='word_1_311' title='bbox 1120 2434 1231 2471; x_wconf 74' lang='lat' dir='ltr'>Quod</span> <span class='ocrx_word' id='word_1_312' title='bbox 1250 2435 1345 2471; x_wconf 84' lang='lat' dir='ltr'>idem</span> <span class='ocrx_word' id='word_1_313' title='bbox 1371 2434 1421 2471; x_wconf 88' lang='lat' dir='ltr'>est</span> <span class='ocrx_word' id='word_1_314' title='bbox 1444 2447 1485 2471; x_wconf 90' lang='lat' dir='ltr'>ac</span> <span class='ocrx_word' id='word_1_315' title='bbox 1511 2435 1535 2471; x_wconf 86' lang='lat' dir='ltr'>fi</span> <span class='ocrx_word' id='word_1_316' title='bbox 1563 2435 1694 2472; x_wconf 89' lang='lat' dir='ltr'>diceret</span> <span class='ocrx_word' id='word_1_317' title='bbox 1711 2448 1808 2485; x_wconf 87' lang='lat' dir='ltr'>pug-</span> 
     </span>
     <span class='ocr_line' id='line_1_48' title="bbox 460 2498 1807 2537; baseline -0.001 0"><span class='ocrx_word' id='word_1_318' title='bbox 460 2513 546 2537; x_wconf 89' lang='lat' dir='ltr'>nare</span> <span class='ocrx_word' id='word_1_319' title='bbox 573 2507 638 2537; x_wconf 92' lang='lat' dir='ltr'>aut</span> <span class='ocrx_word' id='word_1_320' title='bbox 663 2499 822 2537; x_wconf 84' lang='lat' dir='ltr'>diffidere</span> <span class='ocrx_word' id='word_1_321' title='bbox 850 2499 1014 2536; x_wconf 86' lang='lat' dir='ltr'>homines</span> <span class='ocrx_word' id='word_1_322' title='bbox 1039 2499 1086 2535; x_wconf 90' lang='lat' dir='ltr'>ob</span> <span class='ocrx_word' id='word_1_323' title='bbox 1112 2498 1305 2535; x_wconf 87' lang='lat' dir='ltr'>avaritiam</span> <span class='ocrx_word' id='word_1_324' title='bbox 1322 2504 1359 2534; x_wconf 88' lang='lat' dir='ltr'>et</span> <span class='ocrx_word' id='word_1_325' title='bbox 1382 2499 1632 2535; x_wconf 86' lang='lat' dir='ltr'>ambitionem.</span> <span class='ocrx_word' id='word_1_326' title='bbox 1686 2499 1807 2536; x_wconf 87' lang='lat' dir='ltr'>Postea</span> 
     </span>
     <span class='ocr_line' id='line_1_49' title="bbox 460 2562 1807 2606; baseline -0.001 -4"><span class='ocrx_word' id='word_1_327' title='bbox 460 2564 613 2602; x_wconf 87' lang='lat' dir='ltr'>recenset</span> <span class='ocrx_word' id='word_1_328' title='bbox 639 2576 852 2601; x_wconf 86' lang='lat' dir='ltr'>communes</span> <span class='ocrx_word' id='word_1_329' title='bbox 880 2562 1000 2600; x_wconf 81' lang='lat' dir='ltr'>causas</span> <span class='ocrx_word' id='word_1_330' title='bbox 1028 2562 1257 2606; x_wconf 89' lang='lat' dir='ltr'>seditionum,</span> <span class='ocrx_word' id='word_1_331' title='bbox 1275 2562 1417 2600; x_wconf 90' lang='lat' dir='ltr'>lucrum</span> <span class='ocrx_word' id='word_1_332' title='bbox 1437 2571 1473 2599; x_wconf 93' lang='lat' dir='ltr'>et</span> <span class='ocrx_word' id='word_1_333' title='bbox 1490 2563 1687 2606; x_wconf 79' lang='lat' dir='ltr'>honorem,</span> <span class='ocrx_word' id='word_1_334' title='bbox 1706 2563 1761 2600; x_wconf 89' lang='lat' dir='ltr'>vel</span> <span class='ocrx_word' id='word_1_335' title='bbox 1782 2565 1807 2601; x_wconf 88' lang='lat' dir='ltr'><strong>fi</strong></span> 
     </span>
     <span class='ocr_line' id='line_1_50' title="bbox 460 2626 1805 2679; baseline -0.003 -14"><span class='ocrx_word' id='word_1_336' title='bbox 460 2628 528 2672; x_wconf 85' lang='lat' dir='ltr'>vis,</span> <span class='ocrx_word' id='word_1_337' title='bbox 548 2628 835 2679; x_wconf 78' lang='lat' dir='ltr'>indignationem</span> <span class='ocrx_word' id='word_1_338' title='bbox 860 2634 923 2664; x_wconf 87' lang='lat' dir='ltr'>aut</span> <span class='ocrx_word' id='word_1_339' title='bbox 942 2627 1133 2671; x_wconf 88' lang='lat' dir='ltr'>invidiam,</span> <span class='ocrx_word' id='word_1_340' title='bbox 1155 2639 1229 2676; x_wconf 89' lang='lat' dir='ltr'>qua</span> <span class='ocrx_word' id='word_1_341' title='bbox 1255 2627 1317 2663; x_wconf 88' lang='lat' dir='ltr'>alii</span> <span class='ocrx_word' id='word_1_342' title='bbox 1345 2627 1384 2663; x_wconf 90' lang='lat' dir='ltr'>in</span> <span class='ocrx_word' id='word_1_343' title='bbox 1411 2626 1498 2663; x_wconf 85' lang='lat' dir='ltr'>alios</span> <span class='ocrx_word' id='word_1_344' title='bbox 1523 2626 1617 2662; x_wconf 86' lang='lat' dir='ltr'>cives</span> <span class='ocrx_word' id='word_1_345' title='bbox 1648 2626 1805 2664; x_wconf 74' lang='lat' dir='ltr'>incitan-¹</span> 
     </span>
     <span class='ocr_line' id='line_1_51' title="bbox 459 2688 1824 2740; baseline 0.001 -13"><span class='ocrx_word' id='word_1_346' title='bbox 459 2697 530 2734; x_wconf 89' lang='lat' dir='ltr'>tur,</span> <span class='ocrx_word' id='word_1_347' title='bbox 547 2692 645 2740; x_wconf 91' lang='lat' dir='ltr'>quod</span> <span class='ocrx_word' id='word_1_348' title='bbox 664 2691 718 2728; x_wconf 89' lang='lat' dir='ltr'>illi</span> <span class='ocrx_word' id='word_1_349' title='bbox 738 2692 801 2727; x_wconf 84' lang='lat' dir='ltr'>hos</span> <span class='ocrx_word' id='word_1_350' title='bbox 821 2690 964 2727; x_wconf 87' lang='lat' dir='ltr'>videant</span> <span class='ocrx_word' id='word_1_351' title='bbox 985 2690 1087 2726; x_wconf 87' lang='lat' dir='ltr'>rebus</span> <span class='ocrx_word' id='word_1_352' title='bbox 1114 2696 1150 2731; x_wconf 82' lang='lat' dir='ltr'>et</span> <span class='ocrx_word' id='word_1_353' title='bbox 1177 2690 1385 2732; x_wconf 82' lang='lat' dir='ltr'>honoribus,</span> <span class='ocrx_word' id='word_1_354' title='bbox 1411 2688 1500 2726; x_wconf 86' lang='lat' dir='ltr'>alios</span> <span class='ocrx_word' id='word_1_355' title='bbox 1525 2690 1671 2738; x_wconf 89' lang='lat' dir='ltr'>quidem</span> <span class='ocrx_word' id='word_1_356' title='bbox 1693 2689 1802 2740; x_wconf 85' lang='lat' dir='ltr'>juste,</span> <span class='ocrx_word' id='word_1_357' title='bbox 1822 2734 1824 2737; x_wconf 17' lang='lat' dir='ltr'>v</span> 
     </span>
     <span class='ocr_line' id='line_1_52' title="bbox 457 2753 1804 2804; baseline 0 -13"><span class='ocrx_word' id='word_1_358' title='bbox 457 2754 544 2792; x_wconf 90' lang='lat' dir='ltr'>alios</span> <span class='ocrx_word' id='word_1_359' title='bbox 563 2753 705 2804; x_wconf 85' lang='lat' dir='ltr'>injuste,</span> <span class='ocrx_word' id='word_1_360' title='bbox 726 2754 920 2791; x_wconf 87' lang='lat' dir='ltr'>abundare.</span> <span class='ocrx_word' id='word_1_361' title='bbox 973 2754 1067 2790; x_wconf 88' lang='lat' dir='ltr'>Item</span> <span class='ocrx_word' id='word_1_362' title='bbox 1083 2753 1357 2798; x_wconf 89' lang='lat' dir='ltr'>contumeliam,</span> <span class='ocrx_word' id='word_1_363' title='bbox 1376 2761 1529 2796; x_wconf 89' lang='lat' dir='ltr'>metum,</span> <span class='ocrx_word' id='word_1_364' title='bbox 1545 2753 1804 2803; x_wconf 78' lang='lat' dir='ltr'>praestantiam,</span> 
     </span>
     <span class='ocr_line' id='line_1_53' title="bbox 455 2815 1804 2869; baseline -0.001 -13"><span class='ocrx_word' id='word_1_365' title='bbox 455 2819 724 2869; x_wconf 86' lang='lat' dir='ltr'>contemptum,</span> <span class='ocrx_word' id='word_1_366' title='bbox 751 2823 992 2867; x_wconf 88' lang='lat' dir='ltr'>augmentum</span> <span class='ocrx_word' id='word_1_367' title='bbox 1022 2817 1320 2862; x_wconf 84' lang='lat' dir='ltr'>immoderatum,</span> <span class='ocrx_word' id='word_1_368' title='bbox 1352 2815 1532 2854; x_wconf 85' lang='lat' dir='ltr'>sordidum</span> <span class='ocrx_word' id='word_1_369' title='bbox 1565 2817 1651 2855; x_wconf 81' lang='lat' dir='ltr'>vitae</span> <span class='ocrx_word' id='word_1_370' title='bbox 1677 2829 1804 2867; x_wconf 71' lang='lat' dir='ltr'>genuS,</span> 
     </span>
    </p>
   </div>
  </div>
 </body>
</html>
