1846 3250
404 180 787 224 POLITICORUM
813 178 1181 219 ARISTOTELIS.
1210 179 1263 218 11.
1291 177 1331 218 6.
1508 178 1573 216 xxi

189 293 323 333 mediis
344 293 555 344 infimisque
572 294 762 332 ordinibus
779 297 878 330 certa
896 290 1038 330 ratione
1055 290 1285 341 temperatis,
1303 289 1570 328 constituatur:

191 373 279 411 quae
297 361 448 412 quidem
468 360 643 398 ordinum
664 358 822 397 varietas
847 363 885 396 et
912 356 1116 395 multitudo
1133 357 1158 393 fi
1177 355 1344 400 tollatur,
1362 355 1494 393 civitas
1514 355 1574 393 in-

188 425 328 464 teribit.
383 426 503 464 Debet
531 439 618 476 ergo
647 424 779 462 civitas
806 423 878 462 five
905 421 1131 473 Respublica
1156 420 1320 458 absolute
1347 419 1414 458 effe
1442 420 1573 458 multi-

187 492 290 543 plex,
307 505 394 529 cum
417 492 458 529 fit
477 491 710 529 estentialiter
727 489 931 527 multitudo
950 486 1097 531 πλῆθος,
1118 487 1284 537 quodam
1304 492 1431 524 autem
1459 486 1571 523 modo

188 569 277 599 una,
309 570 444 607 nempe
473 555 531 594 διὰ
561 555 619 597 τὴν
651 553 824 598 naiman,
851 553 1051 591 secundum
1080 551 1332 603 disciplinam,
1356 557 1394 588 et
1423 550 1570 588 institu-

187 621 343 667 tionem,
365 622 402 659 id
421 622 470 659 est
488 621 686 658 secundum
708 618 861 670 justitiae
879 611 1080 670 prae'cepta,
1108 615 1297 667 bonasque
1326 616 1437 666 leges,
1493 616 1570 653 Sub

187 686 300 729 finem
331 687 465 737 capitis
493 685 636 736 duplici
667 685 819 723 nomine
853 683 999 722 accusat
1032 691 1070 721 et
1102 682 1337 734 reprehendit
1366 682 1567 719 Socratem.

190 764 226 790 x.
247 751 362 789 Quod
383 750 618 801 magistratus
637 749 922 801 perpetuitatem
943 748 1153 791 instituerit,
1174 760 1260 798 quae
1280 746 1502 784 seditionum
1523 746 1568 784 fit

183 817 316 854 causa:
347 817 499 867 indigne
524 815 702 866 siquidem
726 815 851 852 ferunt
877 814 991 852 etiam
1021 813 1155 864 plebeii
1175 819 1211 851 et
1231 810 1461 862 abjeetiffimi
1481 811 1568 862 qui-

181 895 268 933 que,
287 883 422 919 nedum
442 883 554 920 fortes
581 889 618 919 et
632 881 818 936 'gener-osi,
836 879 978 917 eosdem
1006 879 1149 930 semper
1176 877 1452 928 magistratibus
1471 890 1566 927 prae-

181 947 261 987 effe.
315 949 445 998 Atque
475 948 544 985 hoc
571 947 722 998 quidem
751 945 900 983 voluiffe
933 946 1120 982 Socratem
1152 943 1403 986 Platonicum,
1434 943 1459 979 fi
1489 955 1564 980 non

180 1013 351 1064 expresse,
374 1022 411 1050 et
437 1013 581 1057 diserte,
597 1012 726 1050 saltem
754 1025 821 1062 per
843 1010 1138 1061 consequentias,
1154 1009 1316 1046 declarat
1335 1022 1380 1046 ex
1399 1021 1443 1046 eo
1464 1009 1564 1059 quod

179 1078 245 1116 lib.
266 1077 322 1118 iii.
352 1079 398 1116 de
430 1078 638 1128 Republica
669 1078 772 1114 Plato
804 1077 875 1114 tria
909 1075 1108 1112 hominum
1139 1087 1272 1125 genera
1305 1073 1372 1111 effe
1405 1074 1559 1111 doceat:

179 1157 339 1194 quorum
360 1143 485 1180 Primo
503 1143 606 1180 Deus
627 1155 760 1179 aurum
789 1154 811 1178 a
837 1141 962 1192 primo
989 1148 1074 1178 ortu
1103 1139 1255 1177 instillet
1274 1152 1318 1176 ac
1337 1138 1503 1184 misceat,
1523 1139 1562 1177 id

178 1209 230 1248 est
248 1210 392 1247 animos
411 1208 644 1260 perfectiores
662 1215 699 1246 et
713 1207 914 1245 diviniores
933 1206 1120 1250 infundat,
1139 1205 1270 1256 eosque
1290 1206 1337 1242 fic
1355 1206 1402 1243 ad
1420 1204 1563 1256 semper

180 1274 457 1326 imperandum,
477 1280 658 1324 tanquam
679 1278 874 1324 perpetuos
895 1272 1079 1323 principes
1099 1271 1279 1317 destinet3
1311 1271 1481 1308 Secundo
1500 1284 1559 1309 ar-

176 1346 349 1390 gentum,
367 1341 405 1377 id
423 1339 472 1377 est
491 1339 624 1377 mediae
641 1337 832 1388 cujusdam
861 1337 1098 1388 perfectionis
1116 1337 1276 1381 animos,
1295 1336 1423 1387 quales
1440 1336 1559 1374 futuri

174 1403 260 1442 sunt
282 1403 436 1454 justitiae
464 1403 622 1441 ministri
651 1410 688 1441 et
718 1403 916 1454 adjutores,
933 1402 994 1440 seu
1023 1403 1159 1440 milites
1184 1409 1221 1439 et
1246 1407 1557 1452 propugnatores.

172 1470 304 1508 Tertio
320 1470 480 1520 denique
498 1483 548 1507 aes
567 1477 603 1507 et
623 1469 775 1512 ferrum,
795 1469 832 1506 id
851 1469 915 1514 est,
937 1469 1081 1506 animos
1100 1468 1360 1513 mercenarios,
1379 1475 1416 1505 et
1436 1481 1558 1518 popu-

173 1536 281 1581 lares,
302 1542 344 1573 ut
363 1535 408 1572 iis
428 1535 494 1585 qui
513 1534 631 1572 futuri
651 1535 737 1572 sunt
764 1534 915 1585 opifices
934 1541 971 1572 et
990 1534 1174 1584 agricolae.
1230 1533 1291 1571 Sic
1310 1534 1412 1571 enim
1434 1534 1558 1571 mani-

171 1599 304 1638 festum
332 1600 382 1637 est
408 1599 558 1637 voluiffe
585 1598 817 1636 Platonicum
849 1599 1050 1643 Socratem,
1070 1599 1161 1635 alios
1181 1598 1324 1649 semper
1343 1598 1527 1649 imperare
1541 1615 1553 1645 3

171 1665 264 1702 alios
289 1664 431 1715 semper
455 1665 733 1714 obtemperare;
765 1677 852 1701 cum
883 1677 968 1714 quae
996 1677 1018 1700 a
1047 1664 1171 1713 primo
1200 1670 1286 1700 ortu
1315 1663 1459 1700 tributa
1485 1664 1557 1701 {int

172 1730 403 1774 hominibus,
421 1742 463 1766 ea
479 1728 623 1779 semper
642 1735 819 1766 maneant
838 1743 848 1774 3
876 1742 996 1778 neque
1023 1741 1126 1766 nunc
1155 1728 1227 1772 his,
1246 1741 1348 1766 nunc
1376 1728 1475 1773 aliis,
1496 1727 1556 1767 sed

171 1794 300 1831 iisdem
320 1793 461 1844 semper
487 1807 619 1831 aurum
647 1794 690 1830 fit
717 1806 739 1830 a
767 1793 848 1830 Deo
874 1794 1070 1830 donatum.
1127 1793 1243 1831 Quod
1262 1800 1390 1830 tamen
1411 1793 1554 1844 insigne

169 1858 220 1895 est
253 1865 414 1895 erratum
446 1857 484 1894 in
514 1858 713 1908 republica,
740 1871 824 1908 quae
852 1858 977 1896 vexari
1007 1871 1050 1895 ac
1078 1859 1285 1909 perturbari
1312 1853 1551 1897 seditionibus

168 1924 282 1961 solet:
313 1924 380 1961 nifi
407 1925 559 1962 subinde
588 1924 822 1974 magistratus
847 1931 1139 1968 commutentur,
1159 1932 1225 1962 aut
1252 1925 1350 1962 cives
1378 1926 1550 1976 publico-

166 2002 249 2026 rum
271 1990 452 2027 honorum
480 1989 575 2027 fiant
601 1989 752 2027 viciffim
782 1991 1002 2040 participes:
1050 2002 1087 2027 2.
1107 1990 1364 2041 Reprehendit
1388 1992 1547 2029 eundem

165 2055 366 2099 Socratem,
396 2056 462 2106 qui
494 2062 612 2092 totam
645 2056 915 2105 rempublicam
946 2061 983 2092 et
1010 2055 1202 2092 civitatem
1236 2055 1351 2093 saciat
1383 2056 1547 2102 beatam,

163 2130 286 2172 partes
313 2130 438 2159 autem
457 2121 598 2159 seorfim
619 2122 798 2172 sumptas,
818 2122 1074 2172 utfagricolas,
1093 2122 1268 2166 custodes,
1289 2122 1367 2159 imo
1385 2129 1422 2159 et
1441 2123 1547 2174 prin-

160 2186 261 2237 cipes
279 2188 429 2238 propria
447 2186 577 2238 spoliet
594 2187 836 2227 beatitudine.
890 2186 1102 2224 Absurdum
1123 2187 1224 2225 enim
1245 2187 1295 2225 est
1314 2194 1432 2225 totam
1452 2188 1546 2226 civi·-

161 2258 277 2289 tatem
306 2252 374 2289 effe
397 2253 557 2295 beatam,
577 2250 683 2301 cujus
711 2258 834 2301 partes
855 2265 930 2288 non
951 2252 1021 2289 fint
1048 2253 1179 2290 beatae.
1235 2252 1294 2289 Ex
1314 2252 1372 2289 his
1390 2253 1544 2290 conclu-

157 2317 229 2361 dit,
249 2317 444 2355 Politicam
464 2316 621 2355 Socratis
638 2317 787 2367 plenam
807 2316 873 2354 effe
894 2317 1140 2354 incommodis
1160 2324 1196 2354 et
1216 2316 1516 2357 difficultatibus.

681 2424 746 2462 Ad
765 2424 852 2477 Cap.
861 2425 1014 2476 semum.

210 2513 360 2551 Differit
388 2513 427 2550 in
457 2512 614 2550 alterum
633 2513 846 2564 reipublicae
871 2526 988 2564 genus
1007 2525 1029 2549 a
1046 2512 1198 2550 Platone
1218 2513 1323 2550 libris
1341 2514 1538 2553 duodecim

153 2579 199 2617 de
217 2570 359 2629 legibus
377 2577 617 2628 descriptum.
673 2577 867 2615 Hactenus
887 2578 988 2615 enim
1009 2577 1176 2628 primum
1197 2591 1313 2628 genus
1334 2579 1538 2629 impugna-

153 2645 222 2682 vit.
276 2643 444 2693 Exponit
470 2656 557 2693 ergo
585 2643 622 2679 in
649 2643 780 2693 primis
797 2642 984 2680 summam
1003 2643 1183 2680 doetrinae
1201 2644 1402 2682 Platonicae
1421 2644 1535 2683 libro·
1548 2650 1721 2685 Refellimr·

154 2720 240 2746 rum
265 2709 391 2745 decem
418 2708 463 2745 de
491 2708 691 2757 republica.
745 2708 825 2746 Ubi
853 2709 978 2758 arguit
1005 2708 1211 2752 Platonem,
1233 2709 1300 2759 qui
1330 2710 1451 2748 multa
1470 2724 1535 2749 ne·
1547 2695 1730 2772 3ῇὲἃέἐῖ

152 2773 298 2812 ceffaria
323 2774 368 2811 de
395 2773 535 2810 civium
562 2773 757 2824 disciplina
785 2780 822 2811 et
850 2774 978 2811 studiis
1007 2772 1295 2824 praetermiserit,
1316 2781 1353 2812 et
1370 2777 1535 2827 parergis
1546 2782 1687 2823 publica.

150 2838 263 2876 libros
283 2838 362 2876 suos
383 2838 604 2890 impleverit.
660 2839 819 2877 Duobus
838 2839 938 2876 enim
965 2839 1097 2890 primis
1117 2839 1169 2876 de·
1181 2839 1400 2891 Republica,
1418 2841 1534 2893 Justi·

821 2904 846 2940 b
864 2916 887 2951 3
1285 2920 1289 2924 ¹
