1904 3308
270 196 652 239 POerICORUM
677 191 1038 234 ARISTOTELIS.
1066 189 1120 228 11.
1153 200 1214 235 10,
1247 200 1310 226 11.
1387 186 1494 226 xxvii

625 327 688 368 Ad
707 326 795 380 Cap.
810 324 986 364 decimum.

168 438 380 478 Cretensem
414 437 706 489 Rempublicam
737 436 928 486 Spartanae
955 430 1103 470 affinem
1129 428 1319 480 expendit,
1345 425 1511 477 ejusque'

118 505 212 543 vitia
231 506 377 555 aliquot
395 511 500 542 notat
516 519 525 541 :
557 503 621 541 ubi
639 502 757 540 obiter
777 499 919 538 Minois
942 497 1146 536 nefandum
1166 495 1285 546 aperit
1302 493 1496 531 confilium

117 571 163 608 de
196 570 441 608 masculorum
478 569 691 612 concubitu,
724 579 834 617 quem
869 565 998 603 Minos
1031 560 1258 614 permiserat,
1290 566 1334 596 ut
1366 557 1496 595 relieto
1509 559 1671 610 Horribile

120 635 321 673 mulierum
359 633 442 678 usu,
475 634 596 683 sicque
623 631 764 670 sublata
795 631 997 668 liberorum
1025 626 1275 678 procreatione
1307 624 1496 675 pauciores
1507 603 1679 678 ffissfflffm

119 700 231 738 effent
261 700 373 744 cives,
402 699 519 748 iisque
551 698 672 735 tenuis
705 709 792 747 ager
824 694 1014 733 sufficeret.
1070 693 1189 730 Docet
1219 703 1306 728 vero
1335 689 1497 740 Ephoris

122 765 315 815 Spartanis
339 763 473 801 fimiles
496 762 601 800 fuisse
621 761 809 800 Cretenses
829 760 997 802 Cosmos,
1013 757 1072 796 sed
1093 758 1158 795 hos
1178 771 1196 794 e
1213 756 1322 793 certis
1342 754 1498 792 familiis

121 829 213 880 eligi
232 828 366 870 solitos,
386 827 468 865 illos
488 827 695 878 promiscue
721 840 765 864 ex
792 825 898 863 omni
930 824 1080 875 populo.
1135 821 1216 860 Effe
1245 828 1369 858 autem
1399 820 1495 857 idem
1510 824 1710 874 Cretenfium

118 894 194 932 sere
221 895 320 944 apud
340 892 528 931 Cretenses
554 893 743 930 Senatores
773 891 924 934 vitium,
944 890 1043 941 quod
1073 889 1111 926 in
1141 886 1345 938 Spartanis,
1363 899 1499 936 nempe
1510 868 1701 943 ἓξῐῐέἵὲἓζ·

116 960 420 1011 perpetuitatem,
438 965 551 1008 atque
577 972 598 995 a
627 956 822 995 referendis
850 956 1055 994 rationibus
1083 953 1378 991 immunitatem.
1433 952 1567 991 In-tat.

120 1025 231 1062 terim
251 1024 346 1061 male
363 1023 574 1061 Cretensem
592 1021 878 1073 Rempublicam
894 1020 1049 1058 Cosmos
1063 1019 1146 1056 suos
1160 1018 1342 1062 abdicare,
1357 1017 1501 1067 quippe

121 1103 208 1140 quae
227 1089 283 1126 vel
300 1102 359 1126 eos
377 1088 477 1126 fasto
495 1088 638 1138 impetu
665 1086 801 1137 ejiciat,
829 1087 886 1124 vel
915 1086 999 1136 ipsis
1024 1085 1238 1136 potestatem
1259 1083 1371 1122 faciat
1390 1081 1424 1119 se
1442 1082 1503 1119 ul-

123 1163 182 1193 tro
200 1162 237 1192 et
255 1155 302 1192 ad
320 1154 513 1191 arbitrium
535 1153 599 1190 suo
618 1152 833 1203 magistratu
853 1151 1060 1188 abdicandi.
1118 1149 1294 1187 Quorum
1323 1155 1501 1186 neutrum

124 1220 271 1257 videtur
299 1218 598 1256 consentaneum.
653 1217 753 1255 Illud
780 1217 881 1254 enim
909 1216 1111 1254 sastionem
1140 1214 1306 1260 redolet3
1337 1214 1407 1250 hoc
1434 1225 1502 1250 au·

125 1292 201 1322 tem
223 1298 297 1322 non
317 1285 366 1322 est
384 1291 508 1321 tutum
528 1291 770 1334 praeceptum,
787 1291 929 1320 certave
957 1282 1084 1332 regula
1095 1298 1107 1328 ;
1136 1293 1222 1318 eum
1242 1293 1287 1317 ex
1306 1279 1502 1316 voluntate

125 1355 162 1386 et
190 1350 343 1387 arbitrio
369 1348 546 1399 cujusque
574 1349 742 1399 pendeat.
798 1347 999 1385 Concludit
1025 1345 1218 1397 peffimum
1247 1345 1391 1382 Politiae
1411 1344 1503 1382 Cre·

123 1416 233 1453 tenfis
252 1415 387 1452 vitium
407 1415 475 1452 effe
500 1414 749 1465 potentiorum
779 1413 1043 1464 petulantiam,
1063 1412 1130 1462 qui
1155 1410 1296 1448 civium
1326 1410 1504 1448 multitu-

120 1481 247 1518 din'em
274 1480 494 1523 distrahunt,
521 1486 558 1517 et
584 1492 671 1517 cum
697 1477 842 1526 judicia
868 1478 988 1516 subire
1015 1486 1080 1515 aut
1107 1489 1238 1528 poenas
1257 1477 1344 1514 dare
1363 1475 1502 1522 nolint,

121 1546 218 1584 inter
236 1545 269 1583 se
285 1546 548 1596 digladiantur.
603 1545 714 1583 Unde
742 1544 784 1582 fit
807 1551 854 1585 ,ut
881 1557 956 1582 non
984 1551 1063 1581 tam
1092 1542 1296 1593 respublica
1313 1543 1370 1588 fit,
1385 1555 1502 1592 quam

124 1610 240 1649 faetio
258 1612 330 1649 five
353 1610 547 1650 δυναστεία.
604 1611 714 1648 Porro
742 1609 953 1648 Cretensem
980 1609 1269 1659 Rempublicam
1298 1607 1436 1645 salvam
1465 1613 1504 1645 et

126 1677 349 1715 incolumem
371 1690 544 1722 manere3
573 1689 649 1713 non
669 1689 733 1727 per
752 1675 800 1721 se,
821 1676 859 1713 id
881 1675 944 1720 est,
964 1681 1114 1726 propter
1139 1676 1279 1712 bonam
1309 1675 1409 1712 illius
1436 1675 1504 1712 ad-

127 1741 434 1779 ministrationem
462 1754 537 1792 qua
563 1747 674 1786 caret,
692 1740 751 1778 sed
778 1754 823 1778 ex
850 1748 1008 1786 eventu3
1039 1740 1220 1777 nimirum
1247 1739 1389 1777 ratione
1415 1740 1503 1777 situs

127 1814 166 1844 et
182 1807 268 1845 loci.
323 1808 423 1845 Cum
452 1808 553 1845 enim
583 1821 606 1845 a
633 1808 847 1845 continente
865 1807 935 1844 fint
956 1806 1074 1849 divisi,
1094 1819 1168 1842 non
1190 1805 1243 1842 ita
1263 1811 1438 1842 metuunt
1456 1805 1504 1842 ab

88 1877 90 1879 ’
129 1867 291 1909 externis
318 1873 494 1916 hostibus,
522 1873 589 1922 qui
616 1874 663 1909 ab
691 1870 1003 1922 ipfis,inte1]’e&o
1032 1871 1140 1915 mari,
1163 1871 1328 1907 maxime
1354 1870 1503 1907 distant.
1536 1918 1539 1920 v

131 1936 232 1974 Quae
258 1936 366 1974 causa
392 1938 442 1974 est
469 1938 569 1987 quod
596 1937 761 1988 perioeci,
781 1937 818 1973 id
846 1937 895 1974 est
923 1936 1025 1981 servi,
1046 1936 1102 1973 vel
1130 1935 1254 1972 rustici
1274 1935 1500 1972 Cretensium
1514 1941 1721 1984 Perioeciqni.

129 2000 170 2038 in
189 2000 309 2038 officio
327 2001 390 2038 suo
410 2002 684 2047 contineantur,
703 2015 822 2052 neque
839 2001 1048 2052 conspirent
1068 2001 1106 2038 in
1124 2001 1296 2038 dominos
1323 2014 1411 2038 curn
1437 2002 1503 2038 ho-

128 2065 240 2103 stibus
268 2065 428 2103 nimium
455 2067 631 2114 remotis;
663 2067 762 2117 quod
780 2074 906 2104 tamen
933 2067 1045 2104 llotes
1071 2066 1204 2117 saepius
1231 2066 1270 2103 in
1303 2066 1506 2116 Spartanos

128 2130 286 2175 faciunt,
309 2139 459 2181 propter
485 2133 643 2169 hostium
672 2132 919 2170 vicinitatem.
974 2132 1038 2169 Est
1063 2132 1178 2182 igitur
1197 2131 1348 2181 infignis
1367 2131 1430 2168 iste
1450 2132 1505 2169 lo-

128 2208 192 2233 cus
209 2196 255 2233 de
274 2196 375 2233 urbis
393 2197 462 2233 five
481 2197 641 2246 regionis
666 2198 748 2241 situ,
768 2198 833 2247 qui
860 2196 969 2235 causa
995 2197 1045 2234 est
1072 2196 1357 2234 conservationis
1384 2204 1420 2235 et
1447 2197 1502 2234 in-

128 2261 356 2298 columitatis
374 2275 419 2298 ex
438 2270 584 2300 eventu.
641 2262 731 2300 Qua
747 2262 854 2300 causa
874 2262 982 2300 hodie
1000 2262 1150 2307 Veneti,
1170 2262 1348 2306 Helvetii,
1366 2269 1402 2299 et
1422 2263 1506 2300 An·-

130 2326 184 2376 gli
203 2327 476 2366 conservantur.
531 2329 600 2366 Sed
627 2342 703 2365 non
730 2329 873 2380 patitur
901 2328 1079 2366 instituta-1
1107 2328 1309 2380 Synopseos
1331 2328 1427 2366 ratio
1446 2341 1507 2366 me

133 2391 174 2429 in
193 2392 250 2429 his
270 2393 367 2431 notis
388 2394 456 2431 esse
474 2394 726 2444 prolixiorem.

610 2502 674 2541 Ad
692 2502 776 2554 Cap.
802 2502 1023 2542 undecimum.

183 2587 473 2639 Rempublicam
502 2591 844 2641 Carthaginensem,
864 2591 1090 2636 Cretensem,
1111 2598 1148 2629 et
1173 2592 1396 2642 Spartanam
1424 2591 1507 2630 lau-

130 2653 196 2690 dat
224 2660 403 2703 tanquam
437 2653 562 2692 affines
591 2663 629 2693 et
655 2657 826 2694 omnium
856 2656 911 2694 sui
938 2657 1115 2708 temporis
1142 2658 1418 2704 celeberrimas;
1447 2657 1506 2695 sed

132 2717 297 2755 maxime
325 2719 668 2768 Carthaginensem,
695 2734 781 2771 quae
808 2721 894 2759 licet
922 2722 964 2758 fit
991 2723 1196 2773 popularis,
1216 2731 1431 2772 permaneat
1448 2729 1506 2760 ta·

133 2795 221 2819 men
253 2786 282 2821 ἔν
312 2784 355 2837 τῇ
381 2783 479 2831 τάξει
507 2789 566 2829 τῗὶς
595 2788 784 2830 σολιτεῖας,
805 2787 844 2824 in
872 2787 998 2825 ordine
1018 2789 1082 2825 suo
1103 2788 1282 2825 Politice:
1312 2789 1386 2826 fine
1412 2788 1505 2826 sedi·
1519 2797 1557 2827 In
1573 2797 1684 2828 ordine

131 2848 232 2885 tione
252 2848 340 2894 ulla,
360 2850 430 2888 fine
451 2852 667 2901 tyrannide:
698 2852 798 2902 quod
818 2859 1082 2903 argumentum
1111 2852 1160 2890 est
1187 2853 1375 2906 praeclarae
1399 2854 1502 2892 insti-
1516 2850 1714 2926 {22:332}
