1904 3308
261 186 646 227 POLITICORUM
670 184 1037 241 ARISTOTELIS.
1066 185 1140 223 111.
1173 198 1210 230 2,
1237 197 1277 234 3.
1369 179 1462 223 xxxi

80 296 250 337 definitio
270 298 352 350 jam
381 300 495 350 posita
513 299 573 344 est,
591 298 656 336 soli
677 298 928 352 Democratiae
957 296 1144 340 convenit,
1162 295 1227 333 ubi
1246 295 1295 334 est
1313 296 1463 334 concio·

81 377 188 409 num,
209 364 451 414 judiciorum,
479 372 514 402 et
546 364 828 415 magistratuum
859 362 1072 401 communis
1101 361 1356 412 participatio.
1412 362 1461 398 In

82 427 165 464 aliis
192 428 294 465 enim
323 427 607 479 Rebuspublicis
625 427 683 465 vel
701 440 776 465 non
794 427 842 464 est
861 426 1082 464 concionum
1105 425 1200 469 usus,
1219 425 1276 462 vel
1305 438 1380 462 non
1408 425 1459 462 est

73 490 300 542 judiciorum
334 492 446 530 libera
476 493 780 531 communicatio.
835 491 926 530 Non
960 491 1011 528 est
1043 491 1158 541 igitur
1190 490 1251 527 hic
1282 489 1459 527 definitus

79 557 169 594 civis
190 557 482 602 Aristocraticus,
502 572 567 596 nec
583 558 775 603 Bafilicus,
794 556 853 595 sed
873 557 966 594 solus
986 556 1283 594 Democraticus.
1325 556 1462 594 Quan-

27 624 33 628 ’
82 637 198 673 quarn
227 631 316 661 nota
340 624 631 675 Magistratuum
659 623 832 662 omnibus
861 622 1141 673 Rebuspublicis
1160 621 1373 659 communis
1392 620 1460 658 effe

80 687 246 734 videtui-3
278 689 367 726 adeo
394 695 437 725 ut
465 689 504 725 in
533 702 756 739 quacunque
785 688 994 739 Republica
1011 687 1137 738 negari
1157 686 1262 738 poffit
1281 686 1374 725 civis
1392 685 1460 724 effe

83 752 128 798 is,
147 752 207 790 eui
227 753 273 791 ad
291 753 536 805 Magistratus
556 753 617 791 via
636 753 679 791 fit
698 753 906 792 interclusa.

576 860 642 900 Ad
661 860 746 913 Cap.
751 859 950 911 ficundum.

133 947 326 999 Improbat
353 949 544 1000 vulgarem
562 949 653 987 civis
671 948 941 995 definitionem,
964 963 1039 999 qua
1058 949 1149 987 civis
1173 949 1310 987 dicitur
1329 949 1373 994 is,
1393 950 1459 1001 qui

79 1026 125 1050 ex
144 1019 302 1064 utroque
320 1021 471 1064 parente
498 1014 578 1052 cive
605 1021 715 1052 natus
734 1016 796 1053 est.
853 1015 979 1053 Potius
999 1014 1100 1052 enim
1120 1015 1239 1052 clvem
1258 1016 1459 1054 dicendum

80 1077 147 1116 effe
167 1079 232 1129 qui
252 1079 483 1130 Reipublicae
501 1087 537 1117 et
556 1081 739 1118 honorum
758 1082 801 1118 fit
820 1076 1078 1131 particepS,'ut
1099 1088 1208 1118 antea
1232 1081 1376 1119 dietum
1396 1082 1459 1120 est.
1478 1089 1493 1110 -’

81 1144 183 1181 Tum
203 1144 328 1182 statuit
348 1145 444 1182 cives
473 1159 532 1182 eos
561 1159 684 1183 revera
711 1145 777 1183 effe
807 1146 874 1196 qui
903 1152 1048 1183 mutata
1075 1146 1308 1197 Reipublicae
1327 1146 1462 1190 forma,

84 1208 233 1260 imperii
262 1209 346 1247 sunt
379 1211 418 1248 in
448 1212 574 1248 eadem
606 1211 757 1249 civitate
781 1212 1004 1262 participes:
1033 1211 1135 1262 Juste
1162 1225 1210 1248 an
1240 1211 1385 1261 injuste,
1407 1212 1462 1250 nil

84 1274 204 1313 refert.
262 1269 431 1313 Quidam
462 1277 564 1314 enim
598 1275 728 1327 injuste
764 1283 899 1327 gerunt
928 1277 1207 1327 Magistratum,
1233 1278 1299 1327 qui
1333 1285 1460 1316 tamen

83 1352 207 1378 revera
224 1347 358 1391 gerunt
377 1341 656 1392 Magistratum.

601 1449 666 1489 Ad
685 1448 770 1504 Cap.
791 1451 938 1490 tertium.

120 1520 329 1585 Significat
355 1535 439 1573 aGta
465 1535 627 1574 civitatis
645 1538 759 1575 etiarn
778 1552 821 1576 ea
838 1539 912 1576 dici
937 1553 1022 1589 quae
1041 1538 1141 1576 faeta
1159 1539 1244 1578 sunt
1260 1553 1281 1578 a
1298 1540 1461 1586 civitate,

82 1598 168 1637 licet
195 1598 272 1650 ejus
300 1600 421 1638 forma
452 1602 521 1639 five
550 1602 774 1653 Respublica
800 1604 922 1654 postea
949 1611 1094 1642 mutata
1116 1606 1158 1661 sit
1173 1622 1184 1652 3
1216 1607 1306 1656 quia
1325 1620 1461 1658 nempe
1496 1628 1500 1630 ·

21 1684 24 1685 ⁷
83 1664 213 1718 civitas
232 1665 374 1716 semper
393 1674 521 1705 manet
538 1668 684 1712 civitas,
704 1669 788 1706 licet
807 1669 942 1708 Politia
960 1679 1106 1709 mutata
1124 1672 1179 1710 fit.
1234 1674 1304 1711 Sed
1324 1688 1372 1712 an
1390 1675 1462 1712 sant

0 2681 26 2939 *maij
0 2606 17 2649 κη,
16 2591 17 2594 „

6 2993 21 3039 ,nx-
0 2951 21 2983 ⁷2⁴

82 1729 167 1768 acta
192 1729 357 1780 ejusdem
388 1731 551 1771 civitatis
581 1740 724 1783 mutata
753 1735 897 1778 Politia,
925 1737 1104 1786 explicari
1135 1751 1209 1775 non
1237 1740 1368 1789 potest,
1393 1741 1461 1778 nisi
1499 1774 1501 1777 .

81 1795 184 1845 prius
214 1796 458 1846 intelligatur,
491 1799 640 1848 quando
675 1799 806 1837 civitas
844 1801 886 1838 fit
917 1801 1073 1839 dicenda
1109 1804 1236 1843 eadem
1275 1804 1332 1842 vel
1372 1806 1455 1844 alia.

81 1860 221 1898 Statuit
247 1873 332 1899 vero
359 1861 520 1900 civitatis
549 1863 782 1902 identitatem
811 1865 868 1902 vel
895 1866 1140 1913 diversitatem
1171 1882 1216 1906 ex
1248 1870 1379 1908 Politia
1399 1870 1459 1908 seu
1473 1880 1594 1912 Simius

82 1924 224 1962 ratione
252 1925 532 1964 administrandi
561 1928 627 1966 efle
654 1929 925 1976 aestimandam,
945 1945 1018 1970 non
1048 1946 1093 1970 ex
1122 1935 1338 1982 moenibus5
1369 1935 1459 1972 adeo
1470 1926 1677 2000 ἓῶῗῗὲθῃὲπ

79 1994 124 2026 ut
142 1996 260 2029 morte
278 1992 432 2028 mutatis
450 1992 607 2039 civibus,
629 2001 665 2031 et
693 1995 775 2032 aliis
803 1995 1057 2042 nascentibus,
1069 1999 1180 2037 iidem
1209 2006 1334 2038 tamen
1361 2001 1459 2039 (τίνω
1469 2012 1596 2043 Thetei.
1626 2014 1678 2044 De

78 2054 281 2105 eademque
298 2055 440 2100 civitas,
461 2065 502 2094 ut
523 2058 620 2096 idem
640 2059 791 2105 fluvius,
811 2061 907 2100 idem
928 2062 1024 2108 fons,
1047 2064 1129 2102 aliis
1158 2065 1242 2103 licet
1271 2066 1458 2105 affluenti·
1471 2056 1626 2130 Ξῖῖὴωξη

77 2119 145 2156 bus
165 2125 200 2157 et
219 2119 466 2164 defluentibus
483 2124 602 2173 aquis,
622 2137 770 2162 manere
787 2126 1014 2172 censeantur,
1034 2130 1057 2166 fi
1075 2131 1201 2167 eadem
1224 2131 1459 2181 Reipublicae
1469 2143 1606 2175 Theseo.

78 2171 211 2228 forma,
230 2193 267 2222 et
285 2186 391 2229 ratio,
410 2186 469 2224 καὶ
497 2186 666 2235 σύνθεσις,
687 2189 909 2240 perseveret3
941 2200 978 2230 et
1005 2203 1133 2232 contra
1161 2195 1289 2233 iisdem
1311 2197 1399 2234 viris
1420 2198 1459 2234 in

77 2249 331 2294 eadem1urbe
363 2253 614 2297 manentibus,
643 2267 717 2292 non
752 2263 878 2294 tamen
916 2258 1028 2296 iidem
1066 2261 1212 2311 proprie
1246 2262 1358 2305 cives,
1390 2263 1481 2302 fiat*

77 2314 263 2370 eademve-
283 2315 415 2352 civitas
445 2326 675 2367 permaneat,
708 2319 766 2358 sed
797 2322 954 2359 omnino
986 2323 1138 2368 diversa,
1168 2325 1192 2362 fi
1226 2326 1463 2376 Reipublicae

78 2377 201 2416 forma
219 2379 453 2419 immutetur.
508 2382 547 2419 A
566 2382 690 2421 forma
709 2385 808 2423 enim
829 2388 987 2436 petenda
1005 2388 1072 2425 effe
1093 2402 1214 2427 rerum
1233 2391 1462 2437 discrimina,

81 2456 156 2481 non
175 2457 198 2481 a
217 2445 385 2491 materia.
441 2447 525 2484 At·
515 2461 552 2485 m
573 2461 610 2486 re
630 2449 784 2488 Politica
804 2452 986 2496 homines,
1005 2455 1101 2504 agri,
1124 2463 1159 2493 et
1180 2456 1258 2494 loca
1278 2456 1361 2494 sunt
1383 2458 1460 2495 vel-

80 2508 137 2545 uti
169 2509 349 2556 materia;
391 2512 484 2548 ratio
515 2518 640 2550 autem
672 2515 917 2564 gubernandi,
946 2518 1015 2554 five
1046 2521 1221 2565 πολιτεία,
1250 2529 1293 2558 ut
1324 2521 1460 2562 forma.

77 2563 142 2610 Αιι
161 2586 246 2611 vero
267 2574 467 2613 immutata
487 2577 720 2628 Reipublicae
739 2579 873 2626 forma,
895 2583 1076 2620 veteribus
1097 2585 1218 2635 paetis
1245 2593 1281 2623 et
1310 2586 1460 2625 foederi-

76 2637 146 2675 bus
166 2637 334 2676 standum
359 2641 400 2677 fit
420 2643 515 2689 λόγος
535 2642 651 2694 ἕτερος,
670 2644 764 2682 alius
784 2646 834 2683 est
851 2646 980 2692 sermo,
1002 2648 1128 2699 inquit
1149 2651 1384 2690 Aristoteles:
1416 2667 1460 2691 ea

52 2702 177 2746 enim
198 2703 242 2741 de
262 2717 298 2741 re
317 2705 412 2742 dicet
440 2707 573 2756 postea.
630 2709 853 2748 Notandum
884 2712 981 2750 circa
1011 2715 1079 2751 hoc
1102 2723 1230 2765 caput,
1251 2716 1365 2756 Urbis
1391 2731 1460 2756 no-

77 2779 163 2805 men
189 2780 258 2818 pro
285 2768 447 2808 civitatis
478 2771 557 2810 loco
583 2772 705 2811 sumi:
737 2774 826 2825 quia
853 2778 939 2814 urbs
959 2791 1004 2815 ex
1024 2778 1105 2816 loco
1131 2780 1362 2824 aestimatur·
1391 2796 1459 2820 no-

78 2843 163 2870 men
183 2846 269 2872 vero
286 2834 448 2875 civitatis
473 2838 600 2889 potius
622 2837 790 2891 usurpari
818 2854 888 2894 pro
919 2842 1060 2883 civium
1090 2845 1322 2885 ordinatione
1333 2854 1376 2886 et
1393 2849 1476 2887 ad·-v
