1904 3308
382 210 765 254 rPOLITICORUM
791 209 1157 256 ARISTOTELIS.
1185 210 1255 249 vl.
1287 221 1323 247 1.
1457 207 1542 247 lxix

160 326 206 364 de
223 325 436 376 Tyrannide
461 325 554 362 nihil
576 323 752 362 statuerit.
805 322 903 360 Item
931 321 1031 372 quod
1058 320 1224 358 docuerit
1251 320 1291 357 in
1319 318 1538 370 Oligarchia

159 390 251 428 duas
282 389 347 428 effe
380 390 634 441 Respublicas,
666 401 779 426 unam
807 386 984 431 divitum,
1011 386 1166 423 alteram
1195 397 1417 434 pauperum.
1472 383 1535 421 Est

158 456 260 492 enim
280 454 498 505 Oligarcbia
517 467 634 492 unum
663 452 895 504 Reipublicae
922 464 1052 502 genus.
1108 451 1284 499 Denique
1304 449 1403 499 quod
1423 455 1534 499 puta·

156 521 251 558 verit
281 520 540 571 Oligarchiam
572 519 713 570 semper
742 517 908 556 converti
942 517 980 554 in
1014 515 1307 559 Democratiam,
1338 522 1374 551 et
1407 514 1460 551 ita
1488 514 1533 550 de

154 585 270 623 caufis
302 585 554 623 mutationum
585 583 776 634 utriusque
803 581 964 626 senserit,
983 581 1084 632 quasi
1113 594 1189 618 una
1213 580 1258 617 sit
1277 586 1424 617 tanturn
1445 578 1531 617 Oli-

158 650 321 700 garchiae
340 650 396 688 vel
417 649 662 687 Democratiae
689 647 834 699 species.
888 645 1035 684 Falsum
1061 646 1162 683 enim
1181 645 1231 683 est
1252 645 1355 682 illam
1376 644 1416 682 in
1435 645 1532 682 hane

156 714 300 766 semper
315 714 537 753 commutari
550 731 562 761 5
591 723 626 752 et
653 726 740 751 cum
763 713 900 750 multas
926 711 1061 763 species
1088 711 1155 749 effe
1181 710 1373 761 utriusque
1393 710 1531 748 constet

156 793 203 824 ex
221 779 328 830 supra
345 779 468 825 dietis,
487 779 536 816 est
554 778 665 816 etiam
687 777 865 816 necessum
887 777 1022 814 multas
1049 776 1116 814 effe
1142 775 1332 827 variasque
1351 775 1527 813 mutatio·
1541 781 1611 831 Ifib.
1626 784 1670 816 iv.
1685 784 1746 816 Po.

156 844 213 880 nis
242 855 368 881 earum
403 843 541 887 causaS,
576 843 727 892 fingulis
759 841 945 893 speciebus
978 842 1301 888 accommodata35
1330 853 1418 878 curn
1446 825 1588 878 aliaeh‘·

146 907 237 946 aliis
257 909 376 946 modis
393 909 637 947 destruantur.

725 1061 926 1086 *-

437 1188 594 1227 LIBER
621 1188 818 1227 SEXTUS
847 1187 1240 1228 POLITICORUM.

151 1260 371 1333 HABET
396 1293 521 1344 capita
548 1293 645 1339 0610,
665 1293 703 1331 in
723 1300 795 1331 tres
814 1293 959 1332 redaeta
983 1299 1117 1345 partes.
1172 1292 1297 1331 Prima
1315 1292 1364 1331 est
1381 1294 1426 1331 de
1446 1306 1526 1330 me-

108 1367 111 1372 '
147 1363 264 1401 thodo
292 1369 329 1400 et
355 1365 510 1402 materia
537 1364 637 1402 libri.
691 1365 870 1410 Secunda,
889 1378 974 1415 quae
1001 1364 1051 1401 est
1078 1364 1176 1415 quafi
1207 1364 1392 1416 appendix
1412 1364 1458 1401 ad
1477 1364 1524 1401 li-

148 1428 256 1465 brum
286 1437 461 1479 quartum
489 1429 534 1467 de
561 1428 800 1467 Democratia
825 1429 862 1468 e't
889 1429 1119 1480 Oligarchia.
1171 1429 1314 1476 Tertia,
1331 1429 1376 1468 de
1401 1428 1523 1480 magi-

83 1482 86 1484 ’
150 1491 330 1531 stratuum
349 1494 555 1544 generibus.

664 1599 727 1639 Ad
745 1600 831 1654 Cap.
845 1602 1006 1654 primum.

199 1686 310 1725 Ponit
330 1687 438 1726 initio
456 1688 602 1726 brevem
622 1701 749 1726 eorum
769 1701 854 1739 quae
873 1688 968 1726 libro
988 1695 1121 1740 quarto
1139 1696 1175 1726 et
1194 1688 1329 1740 quinto
1346 1689 1391 1727 de
1410 1689 1520 1727 Sum·

147 1751 221 1789 mis
239 1752 312 1790 iuis
331 1753 564 1803 Reipublicae
582 1753 763 1803 partibus,
781 1753 930 1791 consilio
955 1754 1026 1791 five
1054 1754 1190 1791 Senatu
1212 1755 1345 1804 (quam
1375 1760 1520 1804 partem

146 1822 254 1854 vocat
271 1817 376 1870 κύᾼι
395 1821 453 1861 τῆς
472 1819 664 1862 πολιτείας,
681 1819 874 1856 dominam
903 1819 1151 1869 Reipublicae)
1174 1819 1466 1870 magistratibus,
1485 1826 1523 1859 et

141 1881 320 1933 judiciis-‚3
349 1883 439 1921 item
470 1884 515 1921 de
545 1884 777 1922 dissolutione
811 1884 870 1922 seu
903 1886 1151 1936 corruptione,
1181 1893 1218 1923 et
1247 1886 1522 1925 conservatione

143 1946 520 1997 Rerumpublicarum
557 1949 694 1986 tradita
738 1948 837 1995 sunt,
883 1951 1199 2000 ἀνακεφαλαίωσιν,
1245 1952 1518 2002 repetitionem.

143 2011 246 2049 Tum
275 2012 433 2050 declarat
459 2013 504 2051 de
536 2013 687 2063 quibus,
714 2020 752 2051 et
782 2027 858 2065 quo
884 2014 1012 2052 ordine
1039 2016 1083 2052 sit
1110 2016 1178 2053 hoc
1203 2015 1299 2054 libro
1321 2016 1517 2056 dieturus:

143 2089 278 2128 nempe
304 2079 350 2116 de
375 2078 518 2129 copulis
546 2092 588 2116 ac
615 2080 944 2130 temperationibus
965 2080 1204 2129 (συναγωγὰς,
1230 2081 1292 2119 hic
1319 2090 1439 2127 vocat,
1457 2084 1517 2122 καὶ

141 2141 391 2193 συνδυασμοὺς,
415 2151 458 2181 ut
485 2144 579 2181 libro
597 2144 648 2181 iv-
675 2143 860 2190 συνθέσεις,
879 2146 1007 2194 μίξεις)
1029 2146 1277 2185 Democratiae
1300 2153 1338 2185 et
1364 2147 1518 2199 Oligar-

139 2207 248 2253 chiae,
278 2214 315 2246 et
345 2209 369 2245 fi
405 2209 495 2259 quid
528 2209 678 2260 superfit
705 2209 968 2260 explicandum
992 2211 1036 2248 de
1067 2210 1194 2248 iisdem
1222 2212 1516 2263 Rebuspublicis.

140 2271 238 2310 Rem
258 2286 343 2324 ergo
363 2273 573 2324 auspicatur
590 2287 612 2312 a
630 2274 880 2319 Democrafia,
900 2276 945 2313 de
965 2289 1040 2325 qua
1067 2276 1146 2326 agit
1173 2283 1335 2326 quatuor
1361 2277 1517 2328 sequen-

138 2337 238 2375 tibus
270 2339 482 2389 capitibus;
510 2339 554 2376 de
588 2338 806 2389 Oligarchia
835 2339 891 2377 illi
923 2340 1108 2378 contraria
1134 2340 1302 2379 dicturus
1330 2342 1369 2379 in
1400 2341 1514 2382 sexto.

138 2400 388 2451 Democratiae
419 2402 537 2452 igitur
568 2402 799 2441 instituendae
830 2403 922 2441 utile
952 2403 1020 2441 effe
1046 2404 1165 2448 docet,
1193 2405 1361 2444 instituta
1388 2407 1518 2446 omnia

138 2465 329 2516 popularis
347 2467 627 2516 gubernationis
654 2467 838 2518 colligere,
856 2481 973 2518 eaque
999 2469 1183 2519 copulare.
1238 2470 1298 2507 Sic
1316 2471 1418 2508 enim
1438 2471 1516 2510 fore

135 2537 181 2569 ut
214 2531 356 2569 diversa
390 2532 642 2569 Democratiae
678 2545 812 2582 genera
845 2533 1127 2577 constituantur,
1165 2547 1250 2584 quae
1287 2535 1383 2572 ratio
1417 2536 1516 2576 valet

136 2596 250 2634 etiam
284 2597 323 2634 in
353 2596 583 2647 Oligarchiae
613 2597 829 2635 differentiis
858 2599 1101 2637 inveniendis.
1155 2599 1234 2637 Esse
1262 2613 1347 2637 vero
1373 2601 1514 2641 diversa
1525 2601 1590 2633 Cur
1606 2602 1673 2634 De-

134 2660 385 2701 Democratiae
404 2675 550 2713 genera,
570 2663 706 2714 partim
727 2665 775 2700 ob
793 2665 1016 2715 populorum
1047 2664 1277 2710 varietatem,
1297 2666 1437 2722 partim
1464 2669 1513 2708 ob
1525 2647 1711 2730 ἓὲῗῖῑῖξιίἒι,

134 2724 293 2764 diversos
313 2726 582 2766 miscendorum
603 2734 640 2766 et
658 2726 1005 2780 conjungendorum
1026 2729 1278 2768 institutorum
1300 2731 1440 2772 modo&

804 2935 871 2971 ⁶3
