1904 3308
462 187 580 224 xxviii
631 230 633 232 ,
814 186 1059 225 SYNOPSIS
1089 186 1166 224 AN
1169 187 1203 224 A
1209 186 1409 225 LYTICA

250 301 409 351 praeclarae
463 293 631 331 tutionis.
684 293 750 331 ait
780 294 896 344 igitur
927 295 1079 332 similem
1117 294 1218 332 fuiffe
1254 295 1576 345 Carthaginensem
1610 297 1813 347 Spartanae,

249 345 415 416 ζῖἓιωῃο·
462 358 561 406 quod
592 363 633 394 ut
663 357 701 394 in
733 359 800 394 hac
829 365 932 394 erant
961 358 1146 415 Phiditia5
1177 359 1222 394 sic
1247 358 1284 394 in
1313 358 1375 395 illa
1395 358 1503 396 essent
1523 359 1725 397 sodalitates
1744 362 1813 397 sive

458 421 610 470 collegia
637 421 936 470 Magistratuum,
957 422 1013 458 vel
1031 422 1182 466 civium,
1200 421 1389 471 opificum,
1409 428 1662 460 mercatorum.
1716 424 1810 460 Item

457 493 501 524 ut
522 488 560 524 in
579 489 756 538 Spartana
775 489 927 538 Ephori,
947 489 991 525 fic
1018 489 1057 525 in
1085 489 1360 538 Carthaginensi
1381 497 1528 526 centum
1549 499 1707 540 quatuor
1724 491 1806 535 viri,

457 551 531 588 illis
550 553 573 587 fi
595 565 667 588 non
685 552 830 588 creandi
850 552 971 595 modo,
990 550 1115 588 saltem
1135 553 1307 601 potestate
1325 558 1360 589 et
1379 552 1534 601 imperio
1552 566 1665 603 pares,
1716 554 1808 591 Ter·

455 615 523 659 tio,
543 622 585 652 ut
604 616 863 652 Lacedaemone
881 627 979 664 reges
997 622 1033 652 et
1051 619 1219 665 γερουσῖαν
1237 630 1246 657 ;
1275 616 1320 652 fic
1338 616 1561 665 Carthagine
1582 617 1684 654 fuisse
1710 629 1810 666 reges

455 687 493 715 et
512 678 621 715 senes.
676 679 760 715 Hoc
789 685 911 715 tamen
939 679 1156 728 Spartanam
1185 679 1466 729 Rempublicam
1491 693 1512 716 a
1531 680 1807 729 Carthaginensi

455 742 628 792 superari,
646 743 743 791 quod
771 742 809 778 in
838 742 900 778 illa
929 755 1027 791 reges
1052 755 1094 778 ex
1122 755 1196 778 uno
1223 743 1420 792 eodemque
1439 743 1716 780 Heraclidarum
1744 756 1808 792 ge-

453 819 538 843 nere
564 806 685 848 effent,
711 805 794 854 jure
820 806 1074 842 haereditarioz
1104 806 1140 842 in
1170 806 1238 842 hac
1267 819 1350 843 vero
1375 820 1419 842 ex
1446 806 1611 855 pluribus
1638 806 1804 850 familiis,

454 869 568 918 iisque
588 869 894 919 praestantioribus
913 876 948 905 et
967 869 1101 906 virtute
1119 869 1315 906 clariffimis
1341 869 1569 919 eligerentur.
1626 870 1708 906 Hoc
1727 870 1807 906 loco

453 934 664 983 praeclaram
701 933 746 969 de
779 933 1044 969 committendo
1076 933 1230 982 imperio
1260 932 1438 970 interserit
1468 932 1697 977 sententiam,
1731 946 1805 970 non

453 996 519 1034 effe
537 996 682 1045 plebeiis
701 1003 736 1032 et
756 996 956 1032 humilibus
975 996 1060 1032 viris
1080 1008 1215 1045 magna
1238 996 1400 1046 Imperia
1424 996 1700 1040 committenda,
1717 1008 1802 1032 cum

452 1059 583 1109 saepius
604 1066 771 1103 noceant,
799 1066 841 1095 ut
867 1072 910 1095 ex
939 1059 1118 1108 Spartana
1145 1059 1277 1096 Politia
1303 1060 1446 1110 probat,
1477 1072 1590 1109 quam
1618 1059 1757 1109 Ephori
1784 1073 1803 1096 e

451 1124 555 1173 plebe
574 1123 744 1172 assumpti
765 1122 1008 1172 perdiderunt.

557 1186 712 1237 Asperius
730 1185 816 1223 nihil
829 1187 872 1233 est
890 1185 1022 1229 humili,
1042 1198 1116 1222 cum
1125 1182 1243 1235 surgit
1261 1185 1295 1222 in
1313 1185 1435 1222 altum.

451 1251 572 1289 Notat
590 1251 710 1301 postea
729 1251 938 1288 Aristoteles
964 1250 1054 1286 vitia
1080 1250 1152 1286 duo
1180 1250 1454 1299 Carthaginensi
1475 1249 1698 1299 Reipublicae
1717 1262 1800 1298 pro-

450 1314 543 1363 pria.
599 1313 717 1357 Prius,
738 1314 836 1362 quod
855 1313 1023 1362 quaedam
1051 1311 1126 1359 ejus
1156 1312 1320 1349 instituta
1338 1312 1569 1361 Oligarchica
1589 1311 1738 1356 fuerint,
1759 1318 1799 1349 ut

448 1377 577 1415 el'ee'tio
600 1377 944 1427 quinque-virorum
966 1389 987 1412 a
1004 1376 1259 1413 centum-viris
1275 1392 1286 1422 3
1314 1383 1350 1412 et
1369 1376 1576 1425 prorogatio
1595 1376 1664 1412 five
1680 1375 1799 1412 conti-

448 1442 575 1478 nuatio
606 1441 899 1491 magistratuum.
955 1440 1069 1477 Iidem
1106 1440 1205 1476 enim
1242 1439 1381 1489 semper
1414 1445 1517 1476 erant
1549 1438 1800 1481 centum-viri,

449 1507 515 1554 qui
543 1505 654 1541 etiam
686 1504 764 1554 post
794 1503 931 1540 fiebant
960 1503 1235 1552 quinque-viri:
1266 1503 1434 1552 quaedam
1462 1501 1732 1546 Democratica,
1757 1506 1800 1538 ut

448 1570 546 1619 quod
565 1569 721 1619 populus
749 1567 960 1618 potestatem
991 1568 1134 1604 haberet
1159 1567 1393 1604 examinandi
1421 1565 1745 1610 senatusconsulta,
1762 1556 1819 1603 et¹

447 1645 574 1682 regum
594 1633 747 1675 decreta,
773 1644 886 1680 eaque
916 1630 1091 1680 probandi
1111 1631 1167 1667 vel
1191 1630 1434 1680 improbandi.
1488 1630 1676 1673 Posterius,
1696 1630 1797 1679 quod

393 1706 396 1714 ·
445 1696 511 1733 uni
529 1697 734 1746 eidemque,
751 1696 876 1732 eodem
897 1701 1071 1744 tempore,
1090 1694 1209 1744 plures
1228 1707 1270 1731 ac
1287 1695 1413 1731 diversi
1439 1693 1669 1743 magistratus
1688 1706 1794 1730 man-

445 1760 630 1797 darentur.
684 1759 805 1796 Satius
833 1758 932 1795 enim
959 1758 1008 1794 est
1036 1770 1150 1794 unum
1171 1758 1216 1794 ab
1234 1770 1308 1794 uno
1327 1757 1416 1807 geri,
1433 1763 1469 1794 et
1495 1757 1653 1806 singulos
1676 1769 1698 1793 a
1723 1758 1795 1793 sin-

446 1824 559 1874 gulis,
592 1822 791 1874 praesertim
819 1835 904 1859 cum
933 1834 1068 1871 magna
1098 1821 1145 1858 est
1173 1821 1317 1865 civitas,
1346 1819 1503 1870 virisque
1529 1820 1690 1858 abundat
1717 1819 1796 1858 ido-

235 1898 304 1928 Lib.
319 1897 358 1927 de
374 1896 434 1927 Re·
446 1888 536 1925 neis.
587 1887 719 1925 Vetuit
736 1887 840 1922 Plato
858 1899 903 1922 ne
921 1885 1004 1934 quis
1026 1885 1159 1922 multas
1178 1891 1270 1920 artes
1289 1897 1384 1920 unus
1401 1889 1582 1921 exerceat:

235 1941 364 2015 ἓξὲξ
379 1939 413 1970 ῑη
457 1989 461 1993 ,
485 1970 491 1976 ·
552 1950 712 1988 Pluribus
729 1950 872 1986 intentus
891 1949 995 1986 minor
1012 1949 1056 1997 (2st
1072 1947 1122 1985 ad
1120 1948 1262 1998 fingula
1266 1945 1394 1997 firgsus.

350 2005 358 2014 ⁶
445 2016 561 2053 Aliud
574 2014 759 2065 judicium
776 2014 823 2050 est
844 2014 881 2050 in
901 2025 1012 2063 parva
1039 2019 1075 2049 et
1101 2013 1140 2049 in
1167 2011 1348 2061 frequenti
1374 2010 1534 2048 civitate.
1590 2010 1678 2048 Qua
1694 2010 1739 2048 de
1758 2024 1800 2054 re

443 2080 508 2117 lib.
528 2079 576 2118 iv.
597 2079 700 2116 Polit.
719 2078 859 2114 dicetur
877 2077 1000 2118 fufiuS.

906 2192 968 2230 Ad
985 2192 1071 2243 Cap.
1091 2190 1326 2229 duodecimum.

497 2282 688 2320 Haetenus
715 2282 788 2318 fere
815 2281 858 2318 de
885 2280 1037 2330 privatis
1058 2279 1180 2328 legum
1199 2277 1442 2328 scriptoribus,
1461 2278 1530 2314 five
1549 2276 1791 2326 rerumpubli-

442 2360 568 2384 carum
589 2346 811 2383 auCtoribus.
866 2346 958 2382 Sunt
978 2357 1060 2380 vero
1078 2350 1207 2393 praeter
1225 2345 1289 2380 hos
1309 2343 1371 2379 alii
1390 2342 1617 2392 legissatores,
1637 2342 1702 2391 qui
1721 2342 1786 2390 ipfi

443 2411 587 2447 Politici
606 2410 765 2453 fuerunt,
785 2415 820 2446 et
848 2408 1110 2458 rempublicam
1129 2407 1437 2448 administrarant,
1457 2405 1614 2456 suisque,
1634 2405 1690 2442 vel
1709 2405 1790 2441 aliis

441 2475 649 2510 civitatibus
675 2472 760 2523 jura
789 2472 953 2521 legesque
985 2471 1171 2512 dederunt,
1199 2476 1243 2506 ut
1268 2469 1408 2512 Minos,
1435 2470 1639 2519 Lycurgus,
1665 2469 1788 2506 Solon.

440 2539 508 2575 Sed
526 2551 612 2575 cum
629 2538 674 2575 de
691 2537 830 2574 duobus
858 2535 987 2586 primis
1005 2535 1117 2571 etiam
1144 2533 1252 2583 supra
1280 2533 1425 2576 dixerit,
1443 2546 1540 2569 nunc
1568 2532 1612 2569 de
1639 2532 1783 2575 Solone,

439 2609 475 2639 et
494 2602 767 2639 Atheniensium
789 2600 918 2637 Politia
938 2600 983 2636 ab
1001 2612 1042 2635 eo
1060 2598 1240 2647 descripta
1256 2597 1401 2635 differit.
1455 2597 1523 2634 Ait
1548 2608 1635 2645 ergo
1661 2595 1788 2632 lauda-

229 2676 326 2708 Solon
339 2673 409 2705 lau-
439 2673 519 2703 tum
548 2666 651 2703 fuisse
679 2666 861 2707 Solonem,
879 2665 977 2713 quod
993 2663 1246 2712 Oligarchiam
1273 2668 1309 2699 et
1335 2674 1533 2711 paucorum
1553 2660 1784 2710 tyrannidem

229 2723 332 2758 ‘¹³⁸5’
348 2727 413 2749 ⁰⁰¹·
439 2730 631 2774 sustulerit,
650 2737 685 2767 et
712 2728 947 2779 aequabiliore
973 2740 1015 2764 ac
1043 2726 1295 2776 temperatiore
1321 2724 1419 2762 fafia
1445 2723 1664 2774 Republica,
1684 2723 1785 2760 insti-

437 2793 597 2846 tutisque
623 2794 758 2844 partim
777 2791 1035 2842 Oligarchicis‚
1062 2797 1103 2828 ut
1129 2790 1282 2828 Senatus
1309 2788 1559 2838 Areopagitici
1586 2787 1781 2832 creatione,
