1846 3250
350 193 730 235 POLITICORUM
757 183 1125 232 ARISTOTELIS.
1153 189 1206 229 11.
1237 199 1274 235 2,
1302 201 1342 237 ,3.
1469 184 1536 226 xix

653 327 718 368 Ad
735 328 821 380 Cap.
828 325 1029 380 secundum.

213 435 372 475 Socratis
400 443 436 475 et
468 437 632 475 Platonis
659 435 878 474 sententiam
902 434 947 477 de
975 445 1151 478 uxorum,
1178 432 1393 475 liberorum,
1417 431 1532 467 bono·
1546 437 1709 487 Uxor-um

162 515 321 554 rumque
339 504 510 541 omnium
529 502 793 541 communione
810 500 960 542 refutat,
979 498 1160 537 destrufto
1178 496 1256 547 ejus
1275 497 1534 540 fundamenm,
1549 481 1710 554 ffl'g‘gffiffi

165 567 264 617 quod
282 575 359 604 erat
375 566 579 618 ejusmodi:
611 567 770 617 Optima
798 565 849 602 est
877 577 918 602 ea
947 563 1173 614 Respublica
1202 561 1262 599 seu
1289 561 1435 605 civitas,
1455 573 1538 609 quae
1550 567 1737 598 communi-

162 631 399 683 conjunffior
414 633 478 677 est,
499 638 535 669 et
564 633 684 681 magis
703 643 777 668 una
794 647 803 676 5
833 630 939 679 atqui
959 628 1183 678 Respublica
1203 639 1269 677 per
1285 611 1730 686 commtinita-{Zssfesma‘

162 702 238 735 tem
258 698 361 736 illam
382 699 564 735 bonorum
584 698 754 734 omnium
773 696 822 733 est
841 693 1090 744 conjunffior,
1110 700 1148 730 et
1169 692 1293 742 magis·
1309 704 1385 728 una
1401 707 1411 737 3
1441 690 1538 727 cives

163 763 264 800 enim
293 774 421 800 omnes
443 759 724 812 conjunguntur
749 760 903 805 arfflus,
923 760 1046 809 estque
1076 759 1173 795 inter
1201 770 1262 794 eos
1286 756 1378 793 unio
1404 754 1537 805 major,

161 839 248 864 cum
276 827 449 864 omnibus
478 833 638 863 utuntur
664 833 709 863 ut
734 826 820 863 suis.
876 824 977 875 Ergo
1006 822 1224 861 communio
1249 823 1430 859 bonorum
1455 834 1539 857 om-

161 892 268 929 nium
294 891 332 929 in
359 891 580 943 Republica,
599 891 650 928 est
675 891 832 941 optima.
887 890 1013 940 Negat
1042 888 1221 938 majorem
1250 886 1538 938 propositionem

160 956 387 1003 Aristoteles,
406 966 443 994 et
463 957 608 994 merito.
665 956 768 994 Quia
796 969 869 993 non
901 955 1044 1006 patitur
1072 955 1166 991 ratio
1185 953 1348 990 civitatis
1368 953 1424 989 vel
1446 952 1538 989 Rei-

160 1021 321 1071 publicae
338 1027 381 1058 ut
399 1021 489 1058 adeo
507 1022 550 1058 fit
567 1033 642 1058 una
659 1037 670 1067 5
700 1033 819 1070 neque
837 1017 917 1066 ejus
942 1018 1117 1070 perfectio
1146 1018 1291 1054 summa
1321 1015 1479 1053 consistit
1498 1015 1536 1051 in
1549 1014 1664 1048 Nimia
1683 1017 1757 1066 uni-

161 1085 305 1123 unitate
323 1085 481 1123 summa.
536 1085 621 1123 Imo
645 1097 729 1122 vero
754 1084 891 1121 unione
917 1083 1139 1122 destruitur:
1170 1083 1193 1119 fi
1218 1082 1318 1119 enim
1341 1081 1395 1118 ita
1413 1080 1537 1117 unire·
1550 1061 1759 1145 ῗέξέἒέἓζζ

162 1157 238 1196 tur,
267 1157 310 1189 ut
338 1151 377 1188 iu
402 1152 572 1195 domum,
595 1153 698 1201 (quae
726 1149 847 1200 magis
874 1162 948 1186 una
977 1149 1027 1186 est
1055 1156 1168 1199 quam
1197 1146 1274 1198 ipsa
1294 1143 1534 1197 Respublica)
1550 1149 1624 1180 lica.

164 1217 411 1268 redigeretur3
440 1223 478 1254 et
512 1217 631 1254 adhuc
663 1215 702 1252 in
735 1212 987 1266 perfectiorem
1023 1214 1207 1251 unitatem
1242 1212 1485 1263 procedendo,
1519 1225 1540 1249 e

162 1282 274 1320 domo
293 1282 441 1328 una,·in
461 1294 580 1319 unum
600 1281 806 1325 hominem,
827 1281 912 1331 (qui
939 1280 1059 1330 magis
1086 1292 1184 1322 unus
1201 1278 1386 1328 est‘quam
1405 1278 1541 1314 domus

162 1344 270 1396 cujus
305 1345 355 1383 est
390 1347 493 1396 pars)
528 1345 777 1391 resolveretur,
816 1343 980 1396 proftho
1016 1344 1092 1395 ipsa
1124 1344 1327 1395 respublica
1362 1343 1540 1380 interiret.

164 1411 235 1450 sed
260 1417 298 1449 et
324 1411 527 1462 respublica
545 1424 620 1448 non
647 1417 794 1448 tantum
816 1416 948 1447 natura
966 1417 1001 1447 et
1021 1410 1267 1455 essentialiter,
1287 1416 1330 1446 ut
1349 1409 1470 1454 aiunt,
1491 1409 1543 1447 est

162 1476 359 1514 hominum
381 1476 605 1522 multitudo3
633 1475 876 1529 verumetiam
902 1475 1098 1512 hominum
1121 1474 1250 1525 specie,
1273 1475 1309 1511 id
1329 1474 1379 1512 est
1396 1474 1540 1519 ordine,

163 1536 450 1591 statu‚'vitaeque
470 1541 638 1578 instituto
664 1540 915 1579 differentium
930 1556 942 1587 5
972 1553 1060 1591 ergo
1088 1553 1161 1577 non
1195 1541 1284 1578 adeo
1310 1540 1546 1577 conservatur

162 1606 332 1652 unitate5
363 1612 405 1643 ut
426 1606 530 1644 Plato
553 1605 789 1644 existimavit.
843 1606 1002 1643 Accedit
1033 1606 1132 1656 quod
1160 1606 1291 1643 civitas
1320 1606 1450 1643 debeat
1477 1605 1545 1643 effe

163 1671 270 1709 bonis
283 1672 453 1709 omnium
473 1682 648 1722 generum
669 1671 876 1717 cumulata,
896 1679 939 1708 ut
958 1672 1001 1708 fit
1021 1672 1202 1722 αὐτάρκης.
1258 1673 1314 1708 At
1333 1671 1459 1708 unitas
1479 1670 1544 1707 ina

163 1736 324 1782 summa,
345 1737 444 1775 tollit
461 1737 601 1775 diversa
618 1738 802 1774 bonorum
823 1749 956 1787 genera
983 1750 1187 1787 eorumque
1213 1737 1339 1787 copias
1365 1735 1544 1786 reipubli-

163 1815 218 1839 cae
235 1797 456 1839 necessarias.>
511 1796 611 1852 Ergo
630 1802 754 1839 unitas
774 1801 836 1839 ina
857 1808 893 1838 et
912 1802 1165 1840 communitas
1186 1802 1375 1840 Platonica
1396 1799 1544 1839 civitati

164 1867 228 1906 seu
246 1867 458 1919 reipublicae
474 1868 524 1906 est
541 1867 756 1920 perniciosa.

678 1986 744 2024 Ad
762 1986 851 2039 Cap.
870 1986 1019 2024 tertium.

218 2064 343 2123 Pergit
362 2073 401 2110 in
422 2068 609 2110 Platonica
627 2073 896 2111 communitate
915 2072 1129 2120 refenenda,
1148 2070 1327 2124 docetque
1355 2087 1430 2112 non
1461 2073 1543 2112 ideo

164 2135 266 2189 sequi
283 2137 429 2175 civilem
450 2137 658 2175 societatem
686 2137 752 2175 effe
779 2151 911 2184 unam,
934 2139 1033 2188 quod
1062 2152 1190 2176 omnes
1216 2139 1358 2185 dicant,
1379 2131 1487 2178 meum
1511 2149 1543 2178 et
1556 2146 1624 2178 Lib.
1640 2157 1671 2177 v.
1687 2146 1726 2177 de

163 2215 229 2240 non
253 2215 374 2247 meum,
391 2209 434 2239 ut
457 2203 615 2253 putabat
647 2203 822 2241 Socrates,
878 2201 983 2240 Licet
1010 2203 1111 2240 enim
1140 2203 1272 2254 poffint
1299 2218 1428 2242 omnes
1457 2205 1542 2250 viri,
1555 2190 1734 2265 {egglssligff

162 2268 264 2306 verbi
284 2268 429 2323 gratia,
449 2269 565 2318 posita
585 2280 706 2320 rerum
727 2269 900 2306 omnium
925 2268 1040 2306 etiam
1067 2282 1227 2306 uxorum
1255 2270 1543 2316 communitate,
1557 2245 1626 2309 αξη.

164 2333 314 2372 confuse
333 2332 516 2386 affii’rnare
536 2332 641 2370 suum
663 2335 732 2371 hoc
750 2333 830 2379 effe,
850 2340 943 2387 puta
970 2333 1108 2380 filium,
1128 2348 1298 2380 uxorem,
1318 2336 1341 2372 si
1362 2335 1544 2374 nimirum

161 2398 350 2436 co'lleffive
369 2406 405 2436 et
426 2398 465 2435 in
483 2397 695 2435 universum
715 2397 911 2436 sumantur
922 2415 934 2445 ;
965 2400 1036 2436 hoc
1055 2406 1181 2437 tamen
1201 2401 1316 2438 modo
1337 2413 1412 2437 non
1433 2414 1545 2438 exur-

163 2469 227 2514 get
253 2463 400 2500 summa
429 2462 494 2500 illa
521 2461 730 2508 concordia,
751 2463 891 2509 unitas,
913 2470 952 2501 et
978 2462 1209 2520 conjunfftio,
1231 2478 1347 2516 quam
1374 2465 1450 2516 ipse
1479 2467 1546 2504 So-

163 2533 280 2565 crates
299 2527 369 2564 five
388 2527 494 2565 Plato
516 2527 691 2564 defiderat
708 2543 719 2574 ;
749 2527 839 2577 quia
856 2529 904 2565 fic
922 2529 1051 2566 omnia
1070 2536 1179 2566 erunt
1207 2531 1377 2567 omnium
1397 2531 1437 2567 in
1456 2544 1547 2568 con-

164 2591 256 2637 fuso,
274 2598 312 2630 et
338 2591 528 2630 coilefitive
548 2599 592 2629 ut
610 2592 728 2636 aiunt,
748 2605 822 2630 non
840 2593 1086 2643 singulorum,
1106 2602 1142 2632 et
1162 2595 1416 2634 distributive:
1447 2597 1546 2634 unde

163 2669 240 2695 non
265 2663 427 2707 emerget
458 2663 564 2693 tanta
595 2657 805 2703 concordia,
839 2657 1038 2709 tantusque
1075 2673 1198 2697 rerum
1238 2673 1344 2698 amor
1375 2667 1411 2699 et
1443 2675 1544 2700 cura.

155 2720 315 2759 ‘Hatera
333 2721 402 2774 γὰρ
425 2723 619 2770 ἐπιμελείας
637 2724 806 2777 ’ζυγχοίνει
825 2724 864 2761 τὸ
882 2726 1056 2763 πλείστων
1085 2727 1202 2764 κοινόν.
1264 2727 1354 2777 Quae
1379 2727 1466 2764 enim
1493 2741 1546 2765 res
1558 2733 1759 2766 Communia

157 2787 339 2824 communis
365 2787 410 2836 ςῙὶ
431 2786 604 2838 pluribus,
625 2800 666 2824 ea
683 2787 811 2839 negligi
817 2787 918 2840 Jblet.
973 2789 1031 2827 Ut
1050 2789 1111 2827 hic
1130 2790 1183 2827 ait
1204 2791 1416 2830 Aristoteies
1430 2808 1441 2830 τ
1472 2793 1543 2831 Καὶ
1558 2778 1730 2852 puergligun-

158 2854 190 2890 οῖ
210 2852 336 2891 πολλοὶ
356 2850 561 2905 &gd-trouva
588 2854 688 2892 ἔιῖοτι
716 2857 834 2906 χεῖρον
863 2857 1068 2908 ὑπηρετοῦσι
1086 2860 1149 2895 τῶν
1171 2859 1365 2904 ἐλαττόνων,
1383 2864 1415 2897 et
1429 2858 1546 2911 plures
1611 2844 1619 2854 Ι

828 2920 898 2956 b2
