1904 3308
327 222 707 269 POLITICORUM
732 217 1094 263 ARISTOTELIS.
1123 217 1194 256 VI.
1223 224 1262 268 5.
1375 211 1486 252 lxxiii

114 335 215 387 quod
241 335 452 380 tabernarii,
471 348 506 373 v.
527 347 564 386 g.
581 332 745 385 opifices,
764 329 978 370 mercenarii
1005 341 1118 380 opera
1145 327 1208 365 sua
1234 339 1321 364 cum
1349 325 1488 364 virtute

115 413 191 438 non
209 399 455 451 conjungant,
471 401 511 437 in
536 399 633 445 foro,
651 406 688 436 et
716 398 804 435 urbe
830 396 1057 439 volutentur,
1075 400 1113 432 et
1140 393 1186 430 ad
1209 391 1363 430 comitia
1380 390 1489 428 facile

116 465 296 511 yeniant;
327 468 421 503 unde
440 464 671 517 Reipublicae
688 462 942 514 perturbati03
969 473 1057 498 cum
1085 459 1171 497 talis
1199 457 1402 495 multitudo
1421 469 1488 507 pa-

115 530 191 568 riat
215 530 477 569 consutionem.
533 530 646 568 Unde
671 528 790 566 obiter
815 526 984 578 praecipit
1003 538 1078 563 non
1095 523 1162 561 effe
1182 524 1221 561 in
1240 521 1487 560 Tabernario-

117 608 202 633 rum
223 595 459 634 Democratia
484 594 678 634 conciones
704 594 774 630 five
800 591 953 630 comitia
979 589 1210 631 celebranda,
1229 587 1298 625 nifi
1316 586 1488 637 agricolae

118 661 225 699 fimul
253 662 485 699 advocentur.
539 661 639 698 Tum
661 659 751 710 quia
779 658 818 695 hi
847 657 921 694 illis
939 655 1023 694 sunt
1044 654 1240 699 meliores;
1269 660 1351 690 tum
1373 651 1488 689 etiam

120 726 220 775 quod
239 726 284 763 fic
302 726 438 763 rariora
455 724 580 762 futura
601 724 670 762 fint
696 721 877 765 comitia3
903 721 994 771 quia
1021 732 1104 758 raro
1128 718 1266 757 rusticis
1284 729 1351 768 per
1367 716 1489 754 otium

117 789 205 827 licet
222 789 260 826 in
280 789 545 839 rempublicam
574 789 644 825 sive
667 787 858 825 civitatem
885 785 1092 823 convenire.
1146 782 1220 821 His
1247 779 1417 832 expofitis
1444 779 1490 817 ad

119 853 195 891 alia
223 854 345 904 pergit
378 853 627 891 Democratiae
653 865 814 904 genera;
843 850 902 889 sed
931 851 1094 888 maxime
1124 850 1171 887 ad
1203 847 1382 886 ultimum
1409 858 1492 883 om-

120 919 225 956 nium
246 918 517 969 nequiffimum,
534 919 634 970 quod
662 919 784 956 media
810 931 856 955 ex
881 916 1055 955 extremis
1083 915 1191 953 facile
1218 919 1356 965 queant
1383 911 1493 949 intel·

120 984 202 1035 ligi.
257 984 446 1023 Ultimam
483 997 570 1034 ergo
607 983 887 1022 Democratiam
920 982 973 1020 ait
1006 994 1081 1019 non
1113 980 1308 1018 convenire
1339 978 1492 1016 cuilibet

120 1051 279 1095 civitati,
299 1065 366 1090 nec
393 1051 488 1102 poffe
514 1052 580 1090 diu
606 1063 833 1102 permanere,
855 1050 920 1087 nifi
949 1049 1091 1100 legibus
1118 1049 1209 1086 bene
1237 1047 1493 1097 sapienterque

122 1121 360 1165 temperetur.
414 1117 523 1155 Illam
545 1116 646 1154 enim
666 1115 774 1153 facile
791 1114 903 1152 dilabi
924 1113 1043 1151 nimia
1063 1113 1180 1164 plebis
1197 1119 1236 1150 et
1253 1111 1493 1162 Demagogo-

123 1193 208 1218 rum
223 1180 369 1218 licentia
386 1197 395 1218 :
426 1182 521 1232 poffe
541 1188 666 1219 tamen
696 1180 846 1218 stabiliri
873 1186 911 1216 et
937 1178 1109 1217 constitui
1128 1177 1252 1228 primo
1269 1178 1294 1214 si
1313 1176 1417 1227 plebs
1436 1174 1495 1213 su·

122 1252 224 1296 peret
244 1246 482 1284 multitudine
500 1246 700 1298 principes,
715 1251 827 1295 atque
845 1244 957 1282 etiam
978 1243 1191 1288 mediocres,
1209 1242 1351 1280 servato
1368 1247 1495 1278 tamen

115 1302 236 1349 'modo
253 1326 266 1353 ;
292 1311 409 1349 nimia
436 1312 537 1349 enim
566 1311 682 1362 plebis
709 1310 913 1348 multitudo
938 1308 1186 1347 confusionem
1206 1307 1318 1359 parit,
1336 1314 1373 1344 et
1391 1307 1493 1358 prin-

124 1375 223 1426 cipes
256 1376 389 1414 irritat.
442 1375 586 1413 Debere
611 1382 736 1413 autem
765 1375 910 1425 plebem
939 1386 1094 1412 numero
1119 1372 1187 1410 effe
1214 1372 1435 1423 superiorem
1456 1373 1496 1410 in

125 1439 194 1478 tali
217 1440 455 1478 Democratia
481 1440 620 1478 constat
646 1454 692 1478 ex
721 1440 846 1491 regula
873 1439 1034 1491 generali
1062 1438 1218 1476 Politica
1242 1438 1338 1476 libro
1364 1439 1498 1490 quinto

125 1505 300 1556 expofita,
330 1518 413 1543 eam
446 1505 679 1556 Reipublicae
708 1513 868 1557 partem,
896 1517 1029 1542 eumve
1057 1503 1223 1542 ordinem
1257 1504 1323 1554 qui
1361 1503 1497 1542 statum

126 1569 343 1622 praesentem
373 1569 513 1608 salvum
539 1578 576 1608 et
605 1569 829 1608 incolumem
859 1569 961 1614 velit,
981 1569 1133 1619 reliquis
1160 1569 1351 1607 ordinibus
1369 1569 1497 1608 debere

128 1634 196 1672 esse
224 1635 400 1686 majorem
429 1642 466 1672 et
494 1635 753 1686 potentiorem.
809 1635 989 1679 Secund0‚
1009 1635 1034 1671 fi
1062 1640 1270 1684 augeantur
1292 1635 1432 1672 Tribus
1461 1641 1503 1673 et

130 1700 256 1744 Curiae
285 1700 480 1751 populares
510 1713 604 1750 quas
635 1705 742 1737 vocat
775 1698 888 1748 φυλὰς
921 1698 979 1737 καὶ
1009 1700 1189 1751 φρατρίας,
1219 1706 1263 1736 ut
1294 1698 1384 1737 fecit
1416 1700 1498 1738 Cli-

129 1764 269 1803 sthenes
290 1764 459 1803 Athenis.
487 1763 631 1807 Tertio,
648 1765 673 1801 fi
692 1763 791 1801 sacra
808 1764 955 1814 privata
972 1770 1009 1800 et
1027 1763 1223 1801 domestica
1239 1771 1501 1803 convertantur

131 1828 172 1866 in
204 1829 352 1879 publica
367 1845 379 1875 3
417 1835 455 1866 et
482 1828 657 1866 omnibus
687 1828 916 1866 communia.
971 1827 1132 1873 Quarto,
1162 1835 1207 1866 ut
1238 1842 1368 1867 omnes
1402 1830 1500 1868 cives

130 1894 234 1931 nullo
251 1895 322 1932 fint
337 1893 546 1932 discrimine
575 1893 731 1944 separati
759 1900 825 1932 aut
850 1893 1026 1931 distineti.
1081 1893 1243 1939 Quinto,
1266 1900 1308 1932 ut
1336 1894 1500 1934 familia-

122 1958 234 2003 ritas»,
252 1959 322 1996 five
349 1958 548 2008 peculiares
577 1958 829 2008 potentiorum
863 1971 905 1995 ac
933 1957 1096 2008 pristinae
1123 1958 1417 2004 consuetudines,
1444 1959 1503 1998 fa-

129 2022 361 2074 ctionesque:
394 2023 568 2073 (Gallice,
589 2022 633 2060 les
657 2022 880 2074 intelligences
911 2032 943 2060 et
969 2025 1072 2061 ‹veis'es
1091 2023 1327 2074 particulares
1343 2023 1399 2062 des
1422 2024 1503 2076 plus

123 2088 278 2140 grands)
310 2089 540 2127 aboleantur.
594 2088 766 2139 Denique
800 2089 824 2126 fi
858 2088 1024 2126 instituta
1055 2088 1261 2140 tyrannica,
1290 2090 1337 2128 de
1365 2091 1501 2141 quibus

131 2154 227 2192 libro
253 2156 398 2206 quinto,
415 2154 675 2200 observentur3
703 2161 747 2193 ut
772 2154 907 2192 licentia
919 2154 1115 2204 servorum,
1135 2155 1350 2198 mulierum,
1368 2168 1502 2206 puero·
1514 2158 1717 2204 cinnat-8015-

133 2232 230 2256 rum.
286 2220 382 2257 Item
402 2220 534 2262 vivere,
552 2226 596 2255 ut
614 2217 771 2268 quisque
786 2218 956 2258 voluerit.
1011 2219 1071 2257 Sic
1098 2219 1198 2257 enim
1229 2219 1373 2258 futuros
1404 2221 1503 2258 mul·
1515 2210 1583 2234 ''⁰“

134 2290 205 2328 tos,
224 2285 290 2335 qui
307 2285 374 2322 tali
392 2284 619 2335 Reipublicae
638 2283 879 2335 opitulentur.
928 2283 1041 2323 Ἧδιοι
1059 2284 1127 2337 72⁸6
1146 2289 1216 2329 τοῖς
1235 2290 1368 2329 πολλοῖς
1387 2286 1426 2324 τὸ
1447 2285 1502 2339 ζῇν

136 2349 308 2394 ἀτάκτως,
327 2349 348 2390 ἢ
365 2351 404 2388 τὸ
423 2351 600 2401 σωφρόνως.
659 2349 842 2401 Plerisque
859 2349 961 2387 enim
979 2347 1185 2397 jucundius
1211 2350 1275 2394 est,
1296 2350 1503 2390 inordinate
1515 2359 1590 2391 Vita
1603 2358 1706 2392 licen.

136 2427 184 2469 ac*
197 2415 348 2453 licenter
365 2415 497 2460 vivere,
516 2429 630 2465 quam
651 2422 898 2467 temperanter
913 2421 950 2453 et
970 2415 1138 2454 modeste.

613 2521 677 2561 Ad
697 2521 782 2574 Cap.
802 2515 970 2575 quintum.

187 2609 359 2660 Praecipit
380 2609 636 2655 Nomothetia,
656 2609 886 2659 politicisque
913 2609 1016 2654 viris,
1043 2615 1086 2647 ut
1112 2623 1188 2647 non
1215 2615 1363 2648 tantum
1382 2611 1427 2649 de
1446 2611 1503 2650 in-

134 2675 324 2716 stituenda,
359 2673 418 2712 sed
457 2675 618 2711 maxime
654 2674 699 2712 de
734 2673 981 2712 conservanda
1017 2675 1204 2724 republica
1239 2675 1310 2713 fint
1344 2674 1503 2714 solliciti.

136 2740 252 2789 Juxta
270 2739 377 2783 illud,

245 2804 324 2842 Nem
341 2803 446 2841 minor
463 2803 508 2852 <2st
524 2803 652 2846 virtus,
670 2815 774 2854 quam
793 2816 956 2855 quaerere,
968 2812 1076 2855 parta
1093 2802 1195 2844 tueri.

299 2868 407 2918 Casus
422 2869 503 2919 inest
520 2868 590 2906 illic
602 2884 617 2907 .·
646 2868 717 2907 Hic
731 2869 797 2908 erit
814 2868 900 2907 artis
918 2879 1012 2922 opus.

1516 2403 1721 2443 tiosajucun·

1516 2446 1597 2482 dior.
