1846 3250
358 139 433 181 xxii
738 141 980 180 SYNOPSIS
1007 142 1329 197 ANAIjYTICA
1371 171 1373 173 v

358 247 419 284 tiae
449 249 544 284 bona
574 254 610 287 et
638 250 816 287 utilitates
848 257 970 287 narrat
986 265 998 296 3
1027 251 1190 300 Septimo
1220 251 1264 287 de
1291 248 1520 303 Philosophia
1545 253 1581 286 et
1605 245 1702 284 Ideis

359 312 450 359 agit,
468 311 612 349 OGtavo
631 320 665 348 et
686 314 798 350 Nono
820 315 863 350 de
883 314 1232 363 rerumpublicarum
1261 314 1536 352 mutationibus.
1589 310 1702 348 Deci·

359 388 422 411 mo
448 375 492 411 de
519 376 738 425 expellendis
767 379 852 414 urbe
884 379 1012 427 poetis,
1041 377 1202 428 praemiis
1233 377 1327 414 reete
1351 377 1543 420 fabiorum,
1567 376 1703 412 animae

357 438 646 477 immortalitate.
701 440 884 489 Reliquis,
916 454 1047 491 nempe
1072 441 1213 484 Tertio,
1243 440 1386 485 Quarto
1414 446 1450 477 et
1477 440 1635 483 Quinto,
1666 442 1704 475 et

355 502 421 538 sub
438 502 548 539 finem
570 503 723 540 Secundi
743 504 786 540 de
806 504 1032 553 Reipublicae
1050 504 1297 554 descriptione.
1352 504 1421 541 Ait
1438 516 1520 540 vero
1538 505 1604 540 hoc
1621 502 1702 539 loco

356 558 781 603 Aristoteles'Platonem
812 567 849 603 in
878 568 1026 617 persona
1052 568 1205 604 Socratis
1235 567 1406 611 dividere,
1428 567 1465 604 τὸ
1491 564 1617 608 πλῆθος
1640 569 1702 602 τῶν

358 629 538 673 οἰκούντων,
559 629 833 666 multitudinem
860 630 1060 667 incolarum
1091 631 1159 667 five
1187 630 1339 676 civium,
1365 631 1404 667 in
1433 629 1614 680 principes
1633 628 1703 664 five

321 686 323 689 ⁴
356 691 530 728 Re6'mres
555 693 611 729 vel
641 693 905 742 Magistratus5
935 694 973 731 in
1002 693 1182 744 adjutores
1200 694 1268 730 five
1293 695 1451 739 milites3
1481 699 1516 730 et
1535 693 1573 729 in
1593 690 1700 741 opifi-

357 768 428 799 ces,
450 756 638 805 agricolas,
666 764 903 795 mercatores:
935 771 1017 806 quae
1046 758 1117 794 tria
1144 758 1374 807 personarum
1404 770 1535 807 genera
1561 755 1705 793 vocavit

355 818 473 862 Plato,
508 820 730 863 βουλευτικόν,
769 822 978 872 ἐπικουξικὸν,
1021 824 1300 871 χρηματιστικόν.
1354 820 1530 877 Observat
1573 819 1703 856 deinde

358 882 565 918 Aristoteles
585 883 770 920 Platonem
791 884 890 921 libris
911 886 954 921 de
973 885 1111 934 legibus
1131 880 1312 934 prolixum
1330 885 1395 922 effe
1414 885 1451 922 in
1471 886 1595 934 legum
1613 896 1702 920 con-

357 945 603 983 stitutionibus
630 947 862 983 enarrandis:
891 948 934 984 de
959 947 1035 998 ipsa
1052 956 1173 984 autem
1193 948 1407 1000 Republica,
1427 949 1463 985 id
1483 948 1532 985 est
1549 949 1592 984 de
1611 947 1701 983 civi-

357 1009 442 1045 tatis
464 1008 711 1058 descriptione,
731 1023 844 1059 pauca
873 1010 1037 1048 enotaffe.
1093 1012 1276 1048 Caeterum
1307 1012 1514 1062 reipublicae
1541 1009 1703 1048 Platoni-

356 1085 409 1109 cae
437 1085 550 1121 genus
576 1072 743 1116 alterurn,
763 1074 859 1123 quod
878 1074 977 1114 libris
1004 1075 1046 1110 de
1074 1075 1213 1123 legibus
1236 1075 1458 1124 explicatum
1479 1076 1542 1118 est,
1561 1076 1607 1112 ad
1625 1075 1702 1123 pri-

357 1149 461 1172 mum
484 1136 574 1176 illud
593 1138 689 1186 quod
709 1137 809 1175 libris
828 1138 871 1175 de
890 1138 1074 1187 republica
1094 1139 1269 1175 traditum
1290 1138 1375 1182 fuit,
1395 1139 1518 1189 paucis
1544 1139 1701 1188 exceptis

357 1199 528 1239 revocari.
583 1200 899 1238 communitatem
919 1201 1016 1236 enim
1046 1201 1227 1250 improbat
1248 1202 1350 1240 Plato
1367 1201 1468 1238 libris
1485 1203 1529 1239 de
1548 1202 1703 1252 legibus,

356 1264 454 1300 etde
475 1263 722 1301 sodalitatibus
741 1272 775 1301 et
794 1273 1017 1302 armatorum
1048 1279 1199 1302 numero
1228 1266 1332 1303 aliter
1358 1266 1494 1310 statuit,
1517 1280 1627 1316 quam
1657 1267 1703 1304 li-

333 1327 428 1366 ,bris
446 1329 490 1364 de
509 1328 724 1377 Republica.
777 1329 849 1366 His
873 1330 1009 1379 quippe
1029 1330 1107 1367 vult
1125 1330 1190 1366 effe
1206 1330 1343 1367 easdem
1376 1330 1413 1367 in
1441 1331 1588 1367 civitate
1606 1331 1703 1367 viro-

356 1406 440 1430 rum
472 1401 507 1430 et
539 1394 734 1431 mulierum
768 1395 985 1440 sodalitates,
1009 1396 1221 1446 eosdemque
1251 1395 1440 1433 convi6tus
1468 1403 1503 1432 et
1534 1394 1700 1433 mensas:

358 1457 520 1506 itemque
548 1457 613 1493 effe
642 1458 742 1494 mille
769 1465 952 1505 armatos3
984 1459 1055 1496 illis
1082 1473 1166 1496 vero
1191 1460 1278 1496 alias
1307 1459 1509 1496 sodalitates
1531 1459 1704 1508 explicat,

356 1520 551 1570 statuitque
570 1522 695 1558 debere
714 1522 784 1558 alia
807 1523 926 1559 mensa
946 1524 1002 1560 uti
1023 1523 1130 1567 viros,
1156 1523 1227 1560 alia
1253 1523 1446 1568 foeminas3
1477 1523 1547 1559 alia
1575 1535 1704 1572 pueros

356 1592 392 1620 et
417 1585 658 1634 propinquos,
681 1587 768 1622 item
797 1586 862 1623 effe
890 1587 1054 1637 quinque
1085 1587 1201 1624 millia
1230 1594 1452 1624 armatorum
1472 1587 1508 1623 in
1528 1587 1701 1623 civitate:

355 1649 415 1685 sed
436 1649 573 1698 reliqua
590 1649 716 1686 omnia
733 1649 816 1686 sunt
833 1651 970 1688 eadem.
1026 1650 1103 1687 Effe
1126 1663 1209 1686 vero
1235 1650 1273 1687 in
1301 1650 1452 1686 secunda
1469 1650 1630 1687 Platonis
1649 1662 1704 1686 re-

357 1713 518 1762 publica,
543 1719 582 1749 ut
599 1718 635 1749 et
655 1713 692 1749 in
713 1713 833 1763 prima
853 1713 931 1749 suos
949 1727 1084 1755 naevos‚
1103 1714 1192 1750 vitia
1218 1720 1253 1750 et
1281 1714 1511 1750 incommoda
1528 1728 1536 1750 :
1567 1720 1602 1749 et
1621 1713 1706 1750 licet

357 1776 461 1814 Plato
475 1776 518 1812 §n
538 1776 727 1813 Socraticis
755 1776 976 1813 sermonibus
998 1777 1163 1813 videatur
1179 1777 1357 1826 egregius,
1375 1776 1534 1826 elegans:
1549 1782 1584 1813 et
1602 1789 1706 1813 novae

356 1839 547 1882 doetrinae,
565 1853 606 1877 ac
622 1840 861 1888 quaestionum
892 1840 1100 1887 affectator3
1131 1854 1203 1877 non
1227 1849 1350 1877 tamen
1369 1854 1451 1877 eum
1471 1840 1564 1877 recte
1580 1840 1707 1877 omnia

356 1903 506 1941 definire
532 1911 569 1940 et
595 1904 790 1953 explicare,
809 1913 850 1940 ut
873 1905 926 1941 vel
948 1918 990 1941 ex
1011 1905 1072 1941 illo
1089 1904 1283 1941 otiosorum
1313 1917 1464 1940 numero
1490 1903 1704 1953 sane-quam

358 1968 488 2011 nimio,
505 1973 541 2004 et
559 1968 676 2004 multo
695 1968 806 2004 etiam
825 1968 1013 2017 ampliore,
1032 1981 1141 2017 quem
1169 1968 1231 2005 illo
1259 1968 1371 2017 posito
1395 1974 1536 2016 oportet
1554 1967 1707 2004 neceffa-

359 2032 415 2069 rio
439 2031 664 2073 constituere,
685 2031 881 2067 mulierum
909 2037 945 2067 et
971 2031 1207 2068 famulorum.
1261 2032 1323 2068 Ad
1340 2037 1394 2067 tot
1415 2030 1511 2067 enim
1532 2037 1566 2067 et
1585 2038 1707 2067 tantos

358 2096 558 2146 capiendos
569 2102 604 2132 et
621 2094 852 2132 enutriendos
871 2094 932 2131 vix
951 2095 1034 2132 satis
1049 2095 1130 2132 effet
1148 2095 1370 2145 Babylonius
1389 2108 1485 2144 ager,
1501 2095 1565 2144 qui
1585 2101 1705 2132 totum

359 2154 523 2210 alioquin
541 2158 690 2208 Affyriae
713 2171 867 2208 regnum
894 2157 1211 2208 complefitebatur.
1266 2159 1394 2207 Itaque
1414 2160 1480 2195 hoc
1501 2159 1608 2195 modo
1625 2171 1706 2208 reg-

361 2236 453 2260 num
473 2222 596 2272 potius
614 2234 726 2271 quam
746 2222 874 2258 civitas
894 2234 967 2258 una
981 2228 1179 2271 exurgeret.
1218 2222 1390 2265 Praeclara
1407 2222 1532 2271 igitur,
1551 2222 1609 2259 καὶ
1629 2221 1708 2259 κατ’

362 2284 478 2335 αὐχὴν,
500 2285 600 2322 Plato
617 2284 802 2334 supponit,
824 2284 878 2321 sed
906 2298 989 2334 quae
1007 2284 1084 2321 fieri
1109 2298 1182 2322 non
1203 2285 1359 2334 possunt,
1379 2283 1543 2323 ἀδύνατοι.
1597 2285 1706 2322 Reci-

360 2356 416 2386 tat
435 2349 554 2399 postea
572 2348 776 2385 Aristoteles
796 2355 831 2384 et
849 2348 1034 2397 redarguit
1059 2348 1130 2385 alia
1149 2348 1239 2385 vitia
1256 2347 1334 2396 ejus
1354 2349 1574 2397 reipublicae,
1593 2361 1705 2397 quam
1748 2370 1752 2377 .

361 2413 463 2449 Plato
490 2412 592 2449 libris
618 2412 662 2448 de
689 2411 828 2460 legibus
856 2410 1046 2448 describit:
1077 2417 1119 2448 ut
1138 2412 1235 2460 quod
1254 2411 1438 2448 civitatem
1460 2412 1560 2448 suam
1579 2414 1625 2448 ab
1643 2426 1706 2449 ex-

360 2476 473 2511 ternis
500 2482 537 2512 et
564 2467 721 2511 hostibus
750 2487 822 2510 non
852 2473 936 2510 satis
967 2479 1086 2510 tutam
1107 2474 1309 2524 praestiterit
1324 2491 1335 2520 5
1368 2474 1509 2511 nullam
1530 2475 1705 2512 ratione-m

362 2539 564 2575 vicinorum
594 2526 784 2582 habuerit3
814 2550 942 2586 agrum
966 2536 1063 2586 justo
1090 2538 1281 2580 minorem,
1300 2551 1366 2574 nec
1385 2538 1467 2574 satis
1486 2539 1651 2587 amplum
1672 2546 1709 2576 et.

363 2602 515 2638 feracem
536 2601 732 2651 delegerit3
763 2601 856 2636 male
882 2606 918 2637 et
945 2600 1069 2650 inique
1090 2601 1167 2650 agri
1186 2607 1304 2651 partes
1325 2602 1590 2650 exaequaverit3
1621 2602 1709 2639 libe-

362 2678 484 2702 rorum
506 2665 804 2715 procreationem,
823 2664 1031 2712 civiumque
1052 2665 1326 2701 multitudinem
1353 2664 1580 2702 indefinitam
1600 2666 1707 2703 relin-

363 2742 503 2781 quens;
537 2729 728 2766 discrimen
765 2728 1024 2778 imperantium
1060 2735 1095 2765 et
1128 2729 1334 2778 parentium
1370 2730 1609 2778 praeterierit,
1643 2743 1709 2767 nec
