1846 3250
0 2702 5 2707 >
15 2693 19 2701 ι

5 2711 17 2727 ’1,

0 2718 25 2869 Ξ

18 2836 22 2843 ⁴

0 2876 11 2890 κ.

0 2859 25 2927 ξπ

318 206 703 258 POLITICORUM
718 204 1102 254 -ARISTOTEL13.
1129 208 1161 253 1⁴.
1195 220 1258 254 η.
1444 216 1502 254 tf

105 329 327 369 nascantur:
357 329 404 367 In
435 329 506 367 hac
529 341 630 373 vero,
649 326 788 366 scilicet
814 319 1190 379 Agricultura,‘quae
1216 325 1276 364 vel
1303 325 1406 364 nuda
1432 325 1495 372 est,
1508 325 1722 396 ξεξςθῠᾶῐῖξδ

103 394 206 443 ψιλὴ,
226 395 263 433 id
281 394 332 433 est
347 394 594 433 frumentaria
615 393 676 432 seu
701 394 872 445 agraria3
901 393 961 431 vel
987 396 1236 444 πεφυτευμένη,
1255 393 1408 435 confita,
1427 392 1498 430 five
1510 377 1722 441 custffiaagn‘

104 461 277 513 plantata
293 461 501 505 arboribus,
519 459 652 505 vineis,
673 462 742 498 ἃς.
764 459 967 498 videndum
986 458 1100 497 etiam
1119 459 1218 496 unde
1237 458 1322 510 plus
1350 457 1496 495 utilita-
1508 453 1609 526 ”ludag
1625 462 1658 485 et

107 525 158 564 tis
183 525 251 564 effe
276 525 381 577 poffit
395 556 404 565 .
460 525 686 564 Habendam
711 531 886 577 praeterea
906 524 975 562 effe
993 524 1191 569 rationem,
1211 526 1271 568 τῆς
1297 506 1529 576 μελιττουςορ
1544 504 1664 530 ‘mma'

104 593 200 639 fias,
219 592 280 631 καὶ
298 596 363 630 τῶν
381 590 493 630 ἄλλων
514 590 599 643 ζώων
616 595 680 630 τῢν
698 595 851 634 πλωτᾶἱν,
870 589 889 631 ἢ
909 595 1050 634 πτηνῶν,
1070 589 1264 632 mellificii‚
1285 595 1322 626 et
1349 589 1498 626 anima-

103 656 201 695 lium
235 663 455 695 caeterorum
493 656 736 707 aquatilium,
764 655 992 701 volatilium,
1024 655 1124 693 unde
1161 655 1344 706 quaefium
1377 654 1497 692 facere

104 722 232 761 liceat:
263 724 310 762 In
330 722 635 761 Chrematisticen
653 719 922 770 μεταβλητικὸν,
941 722 1262 772 permutatricem‚
1283 719 1389 771 cujus
1410 733 1495 772 pars
1507 725 1700 775 Commuta-

104 788 230 839 prima
247 794 286 825 et
304 788 470 825 maxima
488 787 538 824 est
559 789 716 839 ἔμπορῖα,
735 794 956 824 mercatura.
1012 785 1138 837 Hujus
1158 799 1244 823 vero
1264 793 1337 823 tres
1356 792 1494 837 partes,
1507 776 1633 801 mecm·

106 854 300 904 ναυκληρία,
333 866 419 904 quae
449 851 492 890 fit
523 865 593 903 ope
621 852 774 890 navium
790 868 803 899 5
834 853 1014 904 φορτηγία,
1044 865 1131 903 quae
1158 851 1202 889 fit
1229 852 1414 902 plaustris,
1434 851 1492 889 vel

97 916 282 968 jumentis
310 931 423 956 onera
449 919 684 970 portantibus
699 935 710 965 5
741 918 979 970 παράστασις,
1007 931 1094 968 quae
1119 918 1237 963 domi,
1259 917 1316 955 vel
1346 917 1399 955 ibi
1426 917 1726 955 ubi-Divitiomerav

103 995 241 1021 merces
259 993 358 1021 natae
376 983 474 1022 sunt.
530 984 616 1022 Pars
636 990 760 1022 autem
781 983 938 1022 secunda
967 984 1217 1022 metabletices
1243 984 1294 1021 est
1321 973 1636 1033 vomo-fabgfam‘ae'

104 1046 311 1087 stenemtio.
365 1049 509 1095 Tertia,
529 1048 735 1102 μισθαρνία,
752 1063 949 1101 operarum
971 1050 1117 1088 locatio.
1173 1050 1236 1088 Est
1254 1051 1356 1088 enim
1385 1063 1497 1101 opera

103 1115 205 1164 quasi
238 1128 342 1152 merx
374 1115 527 1166 aliqua:
565 1129 651 1166 quae
685 1116 854 1166 operaria
887 1129 972 1167 pars
1005 1115 1055 1154 est
1084 1117 1206 1154 adhuc
1237 1116 1406 1167 duplex:
1438 1117 1496 1155 vel

106 1179 270 1217 enimin
289 1179 450 1231 opificiis
480 1180 620 1218 artium
646 1180 831 1228 confistit3
861 1181 920 1218 vel
948 1181 988 1218 in
1015 1180 1091 1218 solo
1119 1181 1282 1232 corporis
1309 1180 1379 1219 usu
1406 1181 1499 1219 artis

105 1252 268 1295 experte,
290 1252 333 1282 ut
351 1245 438 1283 sunt
462 1244 672 1296 bajulorum
698 1258 831 1297 operae,
851 1245 1096 1296 lignatorum,
1116 1245 1381 1298 scopariorum‚
1401 1246 1497 1285 mes-¹

106 1310 244 1349 sorum.

157 1375 334 1427 Denique
362 1376 402 1415 in
430 1377 738 1415 Chrematisticen
769 1377 945 1424 mixtam,
973 1379 1073 1429 quod
1101 1392 1218 1430 genus
1247 1379 1413 1417 medium
1442 1378 1495 1417 est

102 1440 201 1479 inter
217 1441 496 1488 Metableticen,
514 1450 551 1480 et
568 1442 784 1494 physicam
818 1444 919 1494 quod
946 1444 1060 1482 etiam
1089 1444 1165 1483 dici
1192 1445 1310 1496 potest
1329 1445 1491 1483 metalli-
1503 1453 1651 1486 Mixtam

101 1513 216 1552 ὁπως
247 1506 337 1557 quia
362 1507 402 1545 in
431 1507 593 1546 metallis
620 1516 837 1559 occupatur,
867 1516 909 1546 ut
935 1515 974 1547 et
1000 1509 1040 1547 in
1067 1511 1247 1562 ὑλοτομία,
1271 1509 1398 1562 sylvae,
1429 1510 1491 1548 seu
1502 1498 1698 1577 {gig-²⁴²¹&

105 1573 271 1610 materiae
288 1573 423 1623 ligneae
440 1574 630 1613 excifione.
685 1575 770 1612 Hoc
798 1581 923 1613 autem
944 1575 1098 1613 tertium
1116 1576 1412 1615 chrematisticae
1430 1590 1495 1628 ge-

105 1644 177 1675 nus
196 1639 364 1677 medium
384 1639 450 1677 efle
470 1640 523 1677 ait
542 1641 639 1678 inter
657 1641 823 1691 primum
845 1647 882 1679 et
900 1641 1117 1687 secundum,
1138 1643 1240 1692 quod
1263 1642 1409 1694 aliquid
1428 1656 1497 1681 na-

103 1703 201 1740 t'urae
231 1704 379 1749 habeat,
411 1717 546 1756 nempe
579 1704 743 1750 metalla,
775 1705 906 1756 ligna3
937 1713 973 1743 et
1003 1706 1149 1757 aliquid
1179 1707 1285 1752 artis,
1312 1707 1403 1758 quia
1428 1707 1499 1746 nist

104 1767 256 1805 metalla
278 1775 315 1805 et
341 1768 447 1819 ligna
474 1769 514 1806 in
543 1769 823 1820 supelleffilem,
843 1770 1001 1820 gladios,
1021 1771 1170 1821 pocula,
1188 1773 1470 1810 conformentur
1482 1789 1497 1820 3

106 1838 172 1869 aut
189 1831 289 1870 faaa
308 1834 582 1883 permutatione
611 1834 650 1871 in
678 1833 785 1871 usum
817 1842 996 1873 vocentur
1014 1836 1060 1873 ad
1079 1836 1221 1882 cibum,
1241 1850 1287 1875 ac
1305 1851 1374 1875 nos
1393 1838 1497 1876 alen-

106 1897 172 1934 dos
192 1897 432 1948 tuendosque,
453 1899 610 1936 omnino
630 1898 714 1936 sunt
735 1899 898 1938 inutilia.

159 1962 234 1999 His
251 1962 446 2013 explicatis
466 1963 660 2014 distinguit
679 1963 743 2008 ταῖς
766 1966 942 2016 ἐργασίας,
960 1979 1089 2017 operas
1106 1967 1307 2005 hominum
1337 1968 1377 2005 in
1400 1969 1490 2006 arti-
1501 1973 1624 2006 Divisio
1635 1985 1713 2017 ope-

103 2014 349 2073 ‘ficiosiffimaffi
365 2030 431 2066 ubi
449 2031 652 2068 minimum
681 2031 732 2068 est
759 2031 935 2078 fortunae,
954 2033 1026 2077 sed,
1046 2033 1224 2084 intellige,
1245 2036 1381 2072 mentis
1405 2035 1492 2087 plu·
1503 2020 1690 2095 22¹2&ss

105 2094 272 2132 timum:
303 2094 570 2141 sordidiffimas,
588 2096 653 2134 ubi
681 2110 835 2148 corpora
857 2097 1050 2136 foedantur
1075 2102 1265 2144 λωβῶνται.
1320 2101 1496 2140 Maxime

100 2158 263 2205 serviles,
283 2160 349 2197 ubi
367 2160 416 2198 est
434 2160 620 2211 plurimus
648 2163 811 2213 corporis
837 2162 938 2208 usus,
958 2164 1095 2202 mentis
1119 2164 1194 2203 sere
1221 2167 1360 2206 nullus.
1415 2168 1494 2206 De-

104 2225 219 2276 nique
251 2226 414 2264 maxime
443 2228 635 2278 ignobiles,
663 2229 728 2266 ubi
756 2230 882 2267 nullus
910 2230 1061 2268 virtutis
1090 2239 1154 2270 aut
1183 2233 1364 2272 minimus
1392 2235 1492 2274 usus,

106 2289 191 2329 Sola
211 2291 352 2343 quippe
370 2293 489 2330 virtus
506 2293 694 2332 nobilitat.
751 2294 927 2333 Nobilitas
953 2297 1085 2349 quippe,
1107 2298 1232 2349 inquit
1249 2299 1311 2337 M.
1330 2301 1490 2346 Tullius,
1502 2307 1600 2348 Epist.
1617 2309 1660 2341 ad

103 2355 192 2394 nihil
208 2356 312 2394 aliud
325 2358 370 2407 est
388 2371 490 2408 quam
510 2359 646 2409 cognita
664 2358 794 2398 virtus.
1502 2350 1662 2386 Hi‘fium·

154 2421 200 2458 In
219 2420 292 2458 fine
318 2422 452 2472 capitis
475 2423 652 2462 callidum
672 2433 709 2462 et
731 2425 769 2463 in
790 2431 868 2464 arte
886 2427 1125 2466 conficiendae
1144 2430 1315 2480 pecuniae
1335 2431 1492 2469 imitan-

101 2485 193 2527 dum
225 2487 391 2524 Thaletis
425 2488 639 2540 Philosophi
671 2491 862 2529 confilium
894 2500 1033 2531 narrat.
1090 2492 1192 2532 cum
1220 2497 1322 2533 enim
1351 2498 1495 2535 Thales

103 2551 271 2589 Milefius
302 2566 347 2590 ex
379 2553 586 2605 Astrologia
611 2556 817 2594 ubertatem
851 2558 1034 2596 olivarum
1063 2559 1228 2599 suturam
1257 2563 1490 2612 praevidiflet‚
1501 2567 1644 2603 Prudens

27 2626 34 2632 ’
104 2617 237 2667 hyeme
254 2619 483 2667 praecedente
501 2620 668 2658 nondum
688 2622 831 2667 emota,
849 2621 1016 2661 officinas
1039 2638 1168 2662 omnes
1187 2627 1341 2664 olearias
1361 2628 1489 2667 Mileti
1499 2613 1646 2646 Thaletis

101 2688 138 2720 *ἵ
159 2681 247 2719 Chii
268 2696 383 2733 ParVO
402 2684 608 2728 conduxit3
639 2699 730 2736 quas
758 2693 924 2739 ternpore
950 2689 1180 2728 collefflonis
1198 2692 1382 2730 olivarum
1401 2707 1490 2733 cum
1501 2657 1685 2694 confilium,

105 2758 174 2797 pro
203 2746 267 2784 suo
298 2749 479 2787 arbitratu
510 2750 641 2787 multis
675 2752 781 2790 simul
814 2760 850 2790 et
880 2753 1005 2792 subito
1033 2757 1285 2805 quaerentibus
1313 2758 1493 2806 elocaffet,

106 2823 285 2862 magnam
318 2813 402 2851 inde
431 2816 598 2865 pecuniae
624 2815 813 2855 summam
841 2819 975 2870 coegit,
1002 2834 1078 2870 quo
1107 2821 1239 2872 insigni
1267 2821 1369 2861 saeco
1396 2838 1492 2862 non-

105 2875 217 2914 nullis
237 2877 303 2928 ipfi
321 2886 580 2932 paupertatem
609 2882 901 2935 philosophicam
929 2888 1237 2939 exprobrantibus
1264 2889 1493 2929 demonstra·
