1904 3308
352 190 731 231 POLITICORUM
756 183 1119 229 ARISTOTELIS.
1146 182 1196 220 V.
1230 193 1291 219 11.
1424 175 1519 216 lxvii

141 301 197 342 las
223 303 475 354 prohibend03
505 303 594 341 item
626 312 669 340 ea
694 298 822 339 omnia
853 295 1088 339 removendo,
1115 305 1200 343 quae
1226 290 1402 329 notitiam
1433 301 1517 328 mu·
1528 287 1706 363 vandagty-

142 373 264 414 tuam,
283 367 407 415 fidem,
427 368 634 407 amicitiam
662 370 699 403 et
724 362 958 402 concordiam
979 360 1076 397 inter
1093 359 1190 395 cives
1208 355 1340 407 poffint
1353 354 1491 392 efficere
1505 368 1516 397 ς
1530 341 1620 363 ‘anm
1646 341 1684 363 ¹⁵⁴

142 439 181 470 et
198 441 326 472 contra
345 434 574 484 procurando
591 445 632 470 ea
651 443 736 482 quae
757 428 842 466 odia
858 432 896 464 et
915 423 1133 463 inimicitias
1153 422 1249 459 inter
1267 420 1349 458 illos
1368 419 1519 475 foveant

143 500 402 551 excitentque;
443 501 540 538 bona
575 498 701 536 etiam
733 495 874 534 civium
909 491 1128 535 minuendo,
1164 487 1304 525 bellum
1342 472 1516 536 gerendo,

145 565 276 602 amicis
296 565 368 603 suis
385 565 598 610 diffidendo,
618 563 817 601 mulierum
848 558 1066 609 imperium,
1094 554 1287 597 licentiam
1316 552 1518 598 servorum,

143 630 375 668 adulatorum
402 630 547 668 fallaces
575 627 772 666 blanditias
800 623 1048 676 permittendo
1062 637 1074 668 3
1105 620 1360 671 improborum
1389 625 1426 655 et
1453 626 1518 656 ex-·

144 701 305 733 terorum
325 695 624 733 consuetudinem
654 692 827 737 amando,
844 692 1025 728 bonorum
1047 694 1084 725 et
1101 686 1356 738 generosorum
1375 684 1515 722 civium

144 759 328 810 colloquia
356 758 544 808 fugiendo.
599 757 773 808 Denique
802 755 949 793 nullum
979 751 1231 803 improbitatis
1259 763 1375 801 genus
1401 749 1517 787 omit-

145 825 267 861 tendo.
322 823 422 860 Quae
440 823 568 860 omnia
586 836 627 860 eo
646 822 817 859 videntur
836 819 930 870 posse
959 818 1131 862 revocari,
1148 823 1191 854 ut
1211 816 1299 853 velit
1316 815 1518 866 Tyrannus

144 887 305 924 subditos
332 886 399 924 effe
431 887 605 931 humiles,
637 884 809 936 abjeetos‚
843 883 1106 935 pusillanimes,
1146 881 1289 926 deinde,
1324 879 1518 918 διαπιστεῖν

142 951 313 996 ἀλλῆλόις,
321 951 392 1003 fibi
408 952 551 989 invicem
570 950 732 1000 dffdere.

194 1017 334 1060 Tertio,
354 1030 426 1054 non
448 1016 544 1067 poffe
562 1029 617 1054 res
635 1015 715 1053 suas
735 1028 852 1066 agere,
868 1014 966 1065 quod
987 1018 1095 1051 vocat
1114 1011 1304 1061 ἀδυναμίαν
1323 1015 1385 1049 ’νῦν
1404 1020 1518 1062 πραγὲ

142 1082 272 1131 μάτων.
327 1082 376 1119 Et
395 1083 455 1119 hic
475 1082 524 1119 est
542 1082 643 1132 prior
671 1081 815 1125 modus,
835 1093 910 1130 quo
936 1079 1135 1123 secundum
1161 1076 1340 1115 saevitiam
1370 1082 1407 1113 et
1433 1089 1517 1113 cru-

143 1146 334 1185 delitatem
352 1146 541 1198 Tyrannis
558 1145 802 1184 conservatur.

200 1212 375 1251 Posterior
404 1213 534 1250 modus
567 1212 680 1263 priori
711 1211 821 1262 plane
847 1210 968 1262 oppos
972 1217 1046 1255 tu<
1076 1209 1125 1247 est
1154 1208 1277 1260 Regia
1307 1208 1519 1251 clementia,
1528 1206 1722 1245 Clementi&

145 1277 216 1315 five
243 1278 338 1316 ratio
366 1278 573 1329 imperandi
600 1278 646 1315 ad
675 1277 814 1327 regiam
836 1276 998 1314 maxime
1018 1275 1204 1318 accedens,
1222 1275 1275 1312 ita
1294 1280 1336 1311 ut
1357 1276 1424 1311 hac
1442 1274 1518 1311 sola
1530 1252 1688 1292 postes'or

144 1351 234 1380 nota
264 1344 451 1394 Tyrannis
478 1351 567 1381 tunc
596 1356 618 1380 a
644 1355 758 1393 regno
787 1341 944 1386 differat,
963 1341 1063 1391 quod
1092 1340 1135 1377 in
1161 1327 1224 1377 illa
1252 1353 1328 1378 non
1349 1340 1487 1377 modo'
1478 1353 1518 1377 m

142 1407 316 1452 volentes,
335 1408 392 1445 sed
407 1409 520 1445 etiam
542 1408 580 1445 in
600 1407 764 1445 nolentes
783 1419 826 1444 ac
846 1406 981 1444 invitos
1000 1406 1071 1443 sxt'
1062 1405 1276 1456 imperium.
1332 1405 1376 1442 In
1405 1418 1519 1455 regno

144 1480 268 1510 autem
290 1473 488 1524 imperium
509 1474 551 1510 fit
570 1473 608 1509 in
627 1485 755 1509 omnes
774 1472 950 1518 volentes.
1003 1471 1223 1523 Tyrannum
1253 1470 1403 1507 interim
1431 1483 1520 1521 par-

143 1534 215 1575 tim
242 1539 371 1575 debere
400 1538 501 1588 regia
530 1537 709 1589 praestare,
728 1537 865 1588 partim
892 1536 1012 1573 multa
1031 1536 1207 1587 praeclara
1224 1535 1406 1579 fimulare,
1434 1539 1518 1574 ὑπο-

145 1606 318 1655 κρινόμενον
352 1605 390 1643 τό
426 1605 603 1649 βασιλικόν
638 1609 762 1649 καλῶς,
801 1604 893 1640 bene
925 1603 1025 1652 quod
1057 1602 1200 1652 reglum
1238 1602 1300 1646 est,
1334 1602 1517 1640 simulare.

145 1668 275 1706 videri
306 1670 446 1706 bonum
480 1669 598 1707 aerarii
628 1668 767 1720 publici
796 1666 1078 1718 dispensatorem
1112 1673 1149 1704 et
1176 1667 1360 1704 custodem
1392 1667 1520 1717 potius

146 1739 262 1783 quam
280 1733 502 1780 dominum3
532 1733 680 1771 interim
701 1732 858 1783 pecunia
876 1732 1023 1782 publica
1050 1732 1108 1768 uti
1136 1732 1181 1769 ad
1210 1731 1394 1769 familiam
1414 1731 1518 1769 suam

145 1799 338 1843 tuendam,
357 1807 393 1836 et
423 1799 468 1835 ad
495 1798 603 1836 bella.
659 1797 835 1836 Cavendo
863 1805 987 1834 autem
1014 1797 1212 1847 diligenter
1229 1785 1275 1833 ne
1295 1796 1334 1834 in
1353 1796 1438 1834 usus
1456 1810 1519 1835 eos

143 1862 342 1913 pecuniam
374 1869 576 1907 convertat,
601 1869 751 1914 propter
777 1875 869 1913 quos
899 1861 1061 1913 populus
1088 1861 1350 1907 stomachatur,
1370 1869 1413 1900 ut
1432 1875 1520 1913 pro-

144 1926 332 1965 fundendo
349 1928 561 1978 larg-itiones
582 1928 620 1965 in
639 1927 856 1970 meretrices,
874 1927 1099 1978 peregrinOS,
1118 1926 1322 1970 histriones,
1340 1926 1519 1965 citharoe'·

144 1991 225 2029 dos.
280 1991 444 2029 Reddere
471 1992 584 2029 etiam
612 1991 751 2042 populo
779 1991 938 2028 rationes
966 1991 1105 2041 accepti
1126 1996 1162 2028 et
1180 1992 1338 2042 expensi,
1357 2004 1431 2029 non
1453 1992 1516 2029 de-

144 2052 228 2093 bere
246 2069 400 2107 magnos
419 2057 562 2107 argenti
581 2057 735 2107 aurique
753 2055 938 2093 thesauros
964 2055 1146 2106 colligere,
1168 2069 1216 2093 no
1232 2056 1298 2107 ipsi
1317 2069 1340 2094 a
1356 2057 1517 2094 custodi-

137 2122 226 2166 bus,
244 2128 281 2159 et
300 2121 739 2172 praefidiariis'militibus
766 2121 952 2159 struantur
974 2121 1125 2159 infidiae.
1180 2120 1322 2158 Debere
1339 2121 1406 2159 effe
1425 2121 1518 2160 faci-

140 2186 216 2224 lem
234 2193 271 2224 et
290 2188 513 2232 humanum,
545 2187 598 2225 ita
627 2195 751 2224 tamen
783 2194 828 2224 ut
857 2185 978 2236 gravis
1005 2187 1062 2232 fit,
1082 2186 1212 2236 σεμνὸς,
1229 2200 1304 2224 non
1326 2200 1517 2238 arrogans.

143 2251 286 2289 Debere
312 2252 426 2289 etiam
455 2251 489 2289 se
516 2252 714 2295 continere,
733 2251 909 2302 suamque
937 2259 974 2288 et
1001 2250 1165 2296 suorum,
1184 2251 1262 2288 imo
1279 2252 1450 2290 omnium
1471 2253 1516 2290 li-

142 2319 307 2356 bidinem
336 2331 496 2359 coercere
527 2331 570 2355 ac
597 2317 806 2367 reprimere,
833 2316 1033 2368 praesertim
1065 2318 1224 2354 uxorum
1255 2317 1516 2357 contumelias-

143 2383 215 2421 Uti
243 2384 428 2421 moderate
458 2383 725 2433 voluptatibus,
756 2389 821 2419 aut
851 2381 978 2419 saltem
1009 2381 1123 2418 videri
1147 2395 1207 2419 eas
1224 2381 1377 2432 fugere:
1410 2383 1517 2421 Quia

142 2448 282 2486 sobrius
301 2456 338 2486 et
356 2448 448 2498 vigil
468 2461 542 2485 non
563 2448 668 2485 facile
688 2447 894 2498 impetitur,
914 2447 972 2485 sed
990 2447 1112 2484 ebrius
1132 2461 1174 2485 ac
1193 2448 1394 2487 dormiens.
1437 2449 1514 2487 Ur-

142 2515 227 2551 bem
255 2504 441 2551 exornare.
497 2513 679 2550 Simulare
706 2512 920 2562 religionem
954 2511 1243 2563 prudentiffime.
1297 2513 1457 2564 Alioqui
1488 2513 1697 2551 fiSimulatio

139 2578 344 2617 innotescat
371 2578 455 2615 talis
473 2578 671 2624 simulatio,
687 2577 807 2628 majus
827 2578 1021 2615 imminere
1039 2577 1258 2628 periculum.
1281 2625 1283 2627 Ι
1314 2578 1426 2616 Viros
1445 2592 1513 2630 op-
1525 2564 1698 2606 “ligioni“

140 2645 254 2686 timos
274 2657 316 2681 ac
335 2657 372 2681 re
390 2643 517 2693 aliqua
541 2642 756 2680 excellentes
783 2643 948 2693 praemiis
976 2642 1130 2687 afficere,
1159 2643 1269 2693 idque
1297 2656 1363 2695 per
1389 2643 1423 2681 se
1453 2645 1513 2696 ip-

142 2708 238 2754 sum,
259 2707 444 2758 improbos
463 2721 548 2744 vero
574 2714 612 2744 et
638 2713 806 2744 nocentes
825 2707 1011 2757 castigare,
1031 2720 1095 2757 per
1113 2707 1202 2744 alios
1223 2708 1456 2758 magistratus
1477 2718 1515 2754 et

138 2770 304 2822 judices:
335 2778 379 2809 ut
406 2772 453 2810 fic
478 2772 652 2810 devoluto
672 2772 710 2810 in
732 2772 987 2822 magistratum
1016 2773 1120 2810 omni
1141 2780 1242 2811 metu
1263 2780 1298 2811 et
1318 2774 1417 2820 odio,
1439 2775 1512 2826 iple

137 2838 338 2889 Tyrannus
357 2837 467 2877 solam
487 2838 618 2889 populi
637 2837 941 2884 benevolentiam,
960 2851 1197 2889 amoremque
1213 2839 1397 2879 conciliet.
1453 2842 1511 2879 De

807 2916 827 2939 e
849 2914 875 2940 2-
