1904 3308
229 1619 305 1660 tib.
318 1626 387 1657 xiii.

233 1747 323 1782 Modi
339 1750 398 1780 im-

232 1793 395 1832 pediendae

230 1836 422 1874 paupertatis

232 1877 353 1917 populi.

230 2759 326 2798 neges
339 2757 407 2789 011-

229 2801 399 2842 garchieae.

440 239 545 277 {xxiv
828 244 1073 284 sYNoPsls
1098 245 1417 284 ANALYTICA

441 345 587 383 Deinde
605 348 706 387 addit
723 350 909 399 postremae
935 352 1033 389 illius
1059 353 1302 390 Democratiae
1325 352 1575 391 conservandae
1591 347 1782 402 praeceptifi

446 410 517 446 hoc
534 410 646 454 aliud,
659 419 787 450 contra
803 414 1034 464 Demagogos
1052 415 1123 453 suae
1141 416 1260 460 aetatis¹
1273 432 1284 462 3
1313 417 1410 465 quod
1426 418 1520 453 bona
1536 428 1610 452 non
1627 415 1781 452 debeant

441 469 592 520 judiciis
610 475 813 524 pubiicari:
843 477 922 519 Aut
940 479 976 514 in
996 478 1163 515 aerarium
1189 479 1372 528 publicum
1401 480 1470 516 five
1494 478 1618 515 fiscum
1646 477 1782 520 referri,

445 534 507 572 sed
527 537 565 573 in
582 537 735 576 sacrum.
789 540 848 577 Sic
864 541 961 577 enim
981 541 1055 578 fore
1072 548 1114 578 ut
1133 542 1288 592 populus
1318 542 1382 592 qui
1409 542 1564 579 divitum
1593 542 1696 578 bonis
1723 540 1781 577 in-

446 598 539 643 hiat,
557 613 631 637 non
648 602 735 639 adeo
752 603 794 639 fit
812 604 856 640 ad
876 605 1191 641 condemnationes
1210 605 1391 654 proclivis,
1409 605 1473 654 qui
1492 604 1584 641 nihil
1611 603 1781 641 utilitatis

444 675 490 698 ex
507 665 805 703 condemnatione
822 667 864 703 fit
882 674 1138 717 percepturum
1168 681 1285 718 neque
1304 669 1386 706 inde
1406 668 1532 705 mitius
1552 675 1678 716 agetur
1695 679 1781 703 cum

443 726 527 770 reis,
557 727 622 776 qui
653 730 786 777 aequali
818 730 934 768 multa
965 731 1176 770 afficientur.
1229 733 1292 769 Ait
1324 745 1407 769 vero
1436 732 1637 768 curandum
1667 730 1779 767 etiam

442 789 523 834 effe,
542 797 583 827 ut
596 790 735 839 judicia
761 793 829 829 smt
853 794 1085 842 -pauciffimaz
1114 796 1159 832 fic
1185 795 1281 832 enim
1311 796 1432 832 minus
1450 795 1578 832 divites
1595 794 1780 830 vexabun-

442 858 515 890 tur.
569 854 706 892 Futura
734 863 870 893 autem·
881 856 1020 906 judicia
1045 859 1192 908 publica
1219 858 1437 908 pauciffima,
1455 859 1478 895 fi
1506 870 1632 908 graves
1659 869 1778 907 poenae

441 915 583 965 injustis
613 917 874 957 accusatoribus
901 921 1115 959 statuantur.
1167 922 1306 959 Debere
1335 929 1506 971 praeterea
1532 932 1658 957 omnes
1683 919 1778 956 cives

441 980 499 1016 vel
518 980 640 1017 saltem
661 982 855 1032 principes,
875 984 963 1021 bene
979 997 1064 1034 erga
1090 985 1371 1035 Rempublicam
1389 984 1454 1022 effe
1476 983 1632 1021 affectos.
1684 983 1777 1019 Earn

442 1054 528 1081 vero
557 1044 800 1087 ,Domitiorum
833 1046 1010 1084 rationem
1042 1048 1107 1084 effe
1138 1048 1276 1093 debere,
1293 1054 1336 1084 ut
1361 1049 1385 1085 fi
1412 1048 1515 1084 nulia
1541 1047 1608 1083 fint
1634 1045 1779 1096 publica

442 1106 649 1156 vectigalia,
668 1108 834 1158 nullique
851 1110 997 1154 reditus,
1017 1111 1142 1148 Graece
1167 1109 1334 1162 πρόσοδοι,
1360 1111 1510 1148 comitia
1535 1111 1603 1146 fint
1630 1109 1776 1153 rariora,

441 1176 478 1207 et
491 1168 633 1219 judicia
649 1172 822 1210 breviora.
877 1174 936 1211 Sic
953 1174 1052 1211 enim
1072 1175 1160 1219 fore,
1181 1181 1224 1212 ut
1243 1175 1364 1212 minor
1380 1175 1423 1212 fit·
1440 1175 1554 1224 plebis
1571 1174 1779 1217 auetoritas‚

441 1238 480 1269 et
498 1234 630 1271 minori
648 1236 806 1284 pecunia·
819 1238 860 1274 fit
878 1251 968 1287 opus
987 1239 1032 1275 ad
1050 1238 1224 1289 sportulas
1236 1238 1438 1289 judiciales,
1455 1240 1498 1276 de
1517 1239 1647 1289 quibus
1671 1238 1778 1288 supra

441 1296 566 1348 paffim
594 1298 658 1336 lib.
678 1299 717 1337 ii.
742 1299 790 1337 iv.
817 1306 853 1337 et
878 1315 914 1339 v.
969 1302 1121 1340 Interim
1148 1316 1191 1339 eo
1216 1302 1373 1352 spectare
1399 1303 1522 1339 debere
1548 1301 1778 1339 Democrati·

441 1370 542 1405 cum,
571 1369 613 1398 ut
639 1376 684 1399 ne
715 1364 813 1413 plebs
842 1365 880 1401 in
911 1372 1088 1403 extremas
1121 1367 1342 1416 paupertatis
1368 1365 1548 1415 angustias
1579 1365 1776 1414 redigatur,

440 1434 526 1462 cum
559 1439 603 1462 ex
636 1427 802 1477 populari
836 1429 987 1478 egestate
1016 1429 1156 1479 judicia
1185 1428 1446 1480 corruptiffima
1475 1437 1511 1466 et
1543 1427 1776 1477 iniquiffima,

439 1489 649 1534 calumniae,
668 1491 871 1541 frequentes
889 1493 1075 1530 conciones
1094 1500 1130 1530 et
1146 1494 1286 1536 multae,
1304 1492 1565 1543 publicationes
1580 1493 1775 1535 bonorum,

441 1552 578 1590 tributa
595 1554 664 1590 five
680 1555 889 1603 collationes
914 1556 1103 1593 ditioribus
1132 1557 1306 1606 impofitae
1333 1555 1612 1606 proficiscantur,
1629 1561 1665 1591 et
1688 1554 1776 1591 sedi-

441 1615 556 1658 tiones
582 1617 818 1661 concitentur.
871 1619 985 1669 Juxta
1007 1619 1095 1656 illud
1124 1620 1202 1656 Silii
1221 1619 1352 1663 Italici,
1371 1619 1418 1655 Et
1435 1618 1575 1667 dqfornze
1592 1618 1716 1654 malum
1735 1629 1776 1654 aa

428 1678 547 1728 sceleri
560 1680 719 1731 proclivis
735 1682 870 1730 egestas.
925 1682 1020 1719 Poffe
1037 1690 1158 1719 autem
1182 1682 1359 1732 populum
1380 1682 1425 1718 ab
1442 1681 1592 1730 egestate
1618 1680 1774 1724 liberari,

438 1744 463 1785 ,fi
479 1744 613 1793 primo,
626 1745 813 1794 egentibus
829 1745 1021 1795 vectigalia
1037 1746 1161 1783 omnia
1175 1746 1445 1788 distribuantur,
1460 1744 1516 1780 vel
1535 1743 1688 1786 viritim,
1707 1744 1777 1780 five

438 1808 610 1858 fingulis;
629 1808 686 1846 vel
706 1810 886 1854 tributim,
905 1811 973 1846 five
991 1810 1138 1860 singulis
1154 1810 1332 1846 tribubus.
1377 1808 1549 1850 Secundo,
1564 1809 1587 1844 fi
1607 1820 1689 1857 pars
1708 1807 1777 1844 ali-

440 1884 516 1921 qua
543 1873 685 1922 populi,
703 1886 817 1923 eaque
843 1874 997 1918 tenuior,
1019 1873 1057 1919 in
1083 1873 1240 1910 colonias
1266 1873 1447 1914 mittatur,
1465 1872 1528 1908 ubi
1545 1872 1714 1909 domibus
1740 1876 1777 1908 et

438 1936 534 1985 agris
551 1937 715 1974 donetur.
766 1937 905 1979 Tertio,
924 1938 948 1973 fi
967 1937 1147 1986 principes
1172 1942 1324 1973 utantur
1345 1935 1567 1972 tenuioribus
1592 1935 1638 1971 ad
1663 1940 1777 1971 certa·

437 2011 577 2048 operas,
595 2013 615 2036 e
633 1999 767 2049 quibus
786 2000 823 2036 hi
842 1999 981 2036 vietum
1000 2006 1140 2050 parent.
1187 1999 1343 2042 Quarto,
1363 1999 1387 2034 fi
1407 1998 1552 2035 ditiores
1571 1996 1676 2034 usum
1697 1996 1776 2034 sua-

438 2075 521 2100 rum
547 2063 815 2113 poffeffionum3
844 2069 887 2100 ut
913 2065 1113 2107 hortorum,
1133 2075 1317 2113 agrorum,
1335 2063 1523 2111 egentibus
1549 2061 1779 2111 permittant,

438 2139 514 2165 non
531 2127 737 2164 dominium
757 2133 821 2164 aut
838 2128 1109 2177 proprietatem.
1154 2126 1312 2171 Quinto,
1330 2126 1355 2162 fi
1373 2125 1600 2175 magistratus
1624 2125 1776 2173 quidam

438 2190 529 2228 sorte
548 2192 776 2234 mandentur,
793 2192 942 2240 quidam
961 2190 1148 2239 suffragi03
1177 2190 1228 2227 ita
1245 2197 1286 2226 ut
1304 2189 1447 2226 illorum
1463 2189 1618 2238 populus
1632 2189 1674 2224 fit
1691 2200 1776 2237 par-

437 2254 565 2303 ticeps,
582 2254 647 2304 qui
666 2255 732 2291 hac
761 2260 836 2291 arte
863 2255 901 2291 in
927 2253 1044 2291 officio
1074 2253 1138 2290 suo
1159 2253 1415 2294 continebitur,
1442 2258 1568 2301 utpote
1595 2253 1775 2288 honorum

438 2317 668 2368 publicorum
699 2318 879 2367 particeps
893 2333 904 2362 3
937 2319 1067 2354 horum
1098 2329 1195 2360 vero,
1229 2316 1435 2365 optimates,
1470 2315 1610 2364 virique
1641 2314 1774 2359 seleeti,

438 2381 607 2430 generofi,
624 2379 812 2430 sapientes,
829 2381 988 2423 ditiores,
1012 2380 1077 2430 qui
1104 2381 1149 2417 ad
1175 2379 1376 2430 praecipuos
1403 2378 1631 2429 Reipublicae
1657 2377 1777 2428 magi-

438 2443 582 2490 stratus,
598 2443 771 2482 eleaione
791 2451 1083 2495 promoveantur.

948 2550 1011 2589 Ad
1030 2551 1116 2602 Cap.
1121 2551 1270 2601 fixtum.

489 2635 586 2686 Agit
615 2636 670 2674 de-
686 2634 901 2686 O'ligarchia
927 2636 1157 2673 instituenda.
1211 2635 1298 2672 Quo
1325 2633 1364 2671 in
1391 2632 1539 2682 negotio
1564 2632 1671 2681 longe
1697 2631 1778 2668 bre-

437 2699 517 2737 vior
542 2700 603 2744 est,
630 2713 742 2750 quam
772 2700 810 2737 in
837 2700 1082 2738 Democratia.
1137 2698 1239 2736 Quia
1257 2710 1388 2747 nempe
1405 2709 1490 2750 quae
1504 2697 1549 2732 de
1565 2695 1780 2745 Oligarchia.

436 2763 510 2800 dici
536 2763 693 2812 potsunt,
720 2762 827 2800 facile
853 2776 900 2800 ex
926 2763 972 2800 iis
999 2776 1085 2813 quae
1110 2763 1155 2800 de
1181 2760 1415 2799 Democratia
1438 2759 1595 2810 exposita
1611 2757 1774 2801 fuerunt,

438 2826 687 2878 colliguntur3
725 2839 811 2865 cum
841 2825 1057 2879 Oiigarehia
1085 2832 1123 2864 et
1151 2824 1388 2864 Democratia
1420 2823 1485 2862 fibi
1522 2822 1679 2862 invicem
1709 2821 1780 2858 fint
