1904 3308
273 817 337 862 mg>
348 818 459 863 χεῖρας.

263 1453 326 1496 mp)
340 1455 390 1489 eriis

263 1497 328 1539 ηδε
344 1499 395 1531 τὴν

259 1539 426 1572 θάλατταν

260 1583 408 1617 κοινωνίας.

260 2548 341 2584 auae
355 2548 434 2588 opti-

257 2600 312 2622 ma
326 2600 447 2622 civium

256 2633 387 2665 indoles.

494 202 620 240 lxxxiv
868 202 1110 243 SYNOPSIS
1136 202 1456 244 ANALYTch

490 309 602 359 seipsa
619 315 839 359 contentam,
858 318 901 349 ut
920 311 986 349 effe
1001 313 1128 358 debet;
1157 318 1193 350 et
1212 327 1295 362 quae
1313 313 1470 351 nimium
1490 313 1618 352 multis
1634 328 1643 352 ι
1671 313 1718 351 fic
1734 312 1833 350 enim

490 379 635 422 gentem
655 376 778 424 potius
804 375 883 418 effe,
903 389 1014 425 quam
1043 376 1244 421 civitatem,
1273 377 1333 413 cui
1362 377 1500 414 nonnisi
1519 376 1713 415 difficulter
1737 377 1834 414 Poli-

487 437 580 474 tiam
601 438 763 488 legesque
789 439 941 476 statuere
970 438 1052 488 quis
1081 439 1195 488 poffit.
1248 439 1407 484 Ofiavo,
1427 441 1577 478 modum
1602 440 1708 490 justae
1728 453 1833 489 mag·

486 502 664 539 nitudinis
685 503 876 540 civitatum
896 502 962 538 effe
982 503 1195 553 αὐτάρκειαν,
1213 504 1391 539 bonorum
1419 502 1652 541 sufficientem
1671 504 1830 554 copiam,

484 571 520 602 et
540 572 710 615 praeterea
728 573 770 602 ut
788 565 1005 615 magnitudo
1025 565 1067 601 fit
1087 567 1290 609 εὐσύνοπτος,
1310 565 1346 602 id
1363 566 1426 611 est,
1442 579 1526 616 quae
1543 566 1649 604 facile
1664 566 1830 616 cognosci

486 628 599 679 poffit,
618 629 668 666 ita
685 635 727 666 ut
745 629 840 666 cives
859 629 953 665 inter
969 628 1002 665 se
1021 629 1110 666 bene
1129 629 1208 666 noti
1226 630 1307 667 sint.

982 731 1045 770 Ad
1065 723 1150 784 Cap.
1169 733 1334 784 quintum.

540 820 634 869 Agit
661 819 705 855 de
731 830 819 867 agro
843 818 1039 855 condendae
1066 818 1207 855 civitati
1235 824 1465 869 opportuno;
1492 825 1528 856 et
1554 820 1598 857 de
1625 819 1693 857 fitu
1719 820 1830 858 urbia.

485 884 633 926 Statuit,
657 895 786 931 agrum
812 882 936 918 debere
963 881 1028 918 effe
1055 884 1274 931 παντοφόρον,
1301 895 1420 919 rerum
1447 883 1615 920 omniurn
1643 882 1826 930 feracem5

483 947 534 984 ita
560 953 603 983 ut
630 935 757 983 incolae
784 958 827 982 ex
846 958 888 982 eo
906 945 1024 981 vivere
1049 944 1189 994 poflint‚
1208 946 1318 993 etiam
1346 945 1440 982 nihil
1467 952 1625 996 agentes,
1653 945 1834 998 ἔλευθερίυς,

479 1011 558 1060 ἅμα
577 1010 635 1047 καὶ
655 1010 831 1060 σωφρόνως,
849 1008 1045 1045 liberaliter
1059 1014 1095 1045 et
1114 1014 1368 1059 temperanter.
1412 1010 1507 1047 Item
1526 1010 1684 1048 hostibus
1704 1009 1829 1058 δυσίμ-

479 1076 585 1117 βολον,
605 1070 816 1109 inaccessum
829 1087 841 1118 3
871 1070 997 1108 incolis
1017 1078 1139 1107 autem
1169 1071 1316 1117 εὐέξοδον,
1335 1072 1470 1110 acceffu
1496 1073 1654 1113 facilem.
1707 1073 1825 1111 Deni-

480 1150 550 1186 que
580 1138 790 1180 εὑσύνοπτον,
817 1134 1107 1185 αᾶΐρεὲὶεὺίἰεῐη,
1138 1135 1198 1172 cui
1225 1134 1381 1172 succurri
1409 1135 1513 1174 facile
1536 1136 1651 1186 poffit.
1703 1136 1825 1173 Postea

477 1201 584 1237 situm
604 1199 761 1236 civitatis
778 1212 864 1236 eum
881 1199 947 1236 efl'e
962 1199 1088 1235 debere
1107 1198 1170 1243 ait,
1189 1212 1263 1248 quo
1280 1198 1382 1249 poffit
1400 1199 1465 1236 effe
1490 1199 1618 1237 civitas
1644 1199 1825 1250 particeps

476 1264 767 1308 commodorum,
788 1276 872 1313 quae
889 1269 926 1299 et
942 1276 963 1300 a
983 1263 1075 1300 mari
1096 1263 1293 1300 obveniunt
1310 1268 1347 1300 et
1365 1264 1410 1300 ab
1428 1262 1537 1313 agris.

980 1368 1044 1407 Ad
1061 1369 1147 1421 Cap.
1153 1368 1300 1420 stxtum.

528 1455 677 1493 Differit
706 1456 750 1492 de
781 1454 1040 1492 communione
1075 1462 1112 1492 et
1146 1455 1365 1492 commercio
1396 1455 1521 1499 maris,
1555 1455 1593 1492 in
1627 1460 1822 1505 utramque

476 1526 630 1570 partem.
686 1518 821 1556 Statuit
850 1531 933 1555 vero
964 1518 1225 1556 commercium
1263 1519 1376 1556 maris
1409 1519 1560 1568 optimae
1599 1518 1831 1568 Reipublicae

477 1583 543 1621 effe
561 1583 650 1620 utile
668 1589 704 1619 et
722 1582 969 1620 commodum.
1024 1582 1135 1619 Quod
1153 1583 1177 1620 fi
1197 1582 1335 1632 aliquid
1352 1583 1559 1621 detrimenti
1578 1583 1764 1629 timeatur,
1784 1583 1820 1621 id

475 1648 617 1698 legibus
643 1647 738 1697 poffe
765 1647 895 1690 caveri,
915 1647 1079 1696 emporio
1105 1647 1282 1684 nimirum
1302 1649 1370 1684 five
1387 1647 1467 1685 loco
1484 1653 1696 1685 mercaturae
1713 1648 1820 1685 desti-

473 1719 575 1757 nato,
595 1713 640 1748 ab
659 1712 759 1755 urbe,
779 1717 820 1748 ut
838 1724 904 1760 par
921 1711 982 1754 est,
999 1710 1135 1748 diviso:
1165 1711 1210 1747 fic
1227 1711 1326 1748 enim
1345 1717 1381 1748 et
1397 1712 1696 1749 commerciorum
1717 1712 1820 1750 utili-

470 1785 526 1813 tas
546 1776 637 1823 erit3
668 1789 784 1825 neque
803 1775 868 1825 ipfi
887 1775 980 1812 cives
999 1775 1037 1811 in
1056 1774 1203 1811 civitate
1221 1775 1404 1824 degentes,
1421 1781 1652 1812 externorum
1681 1788 1818 1813 merca-

474 1846 594 1877 torum
616 1839 714 1876 vitiis
733 1843 1023 1887 corrumpentur.
1077 1838 1265 1875 Admonet
1289 1851 1363 1875 non
1380 1838 1506 1875 debere
1523 1838 1589 1875 effe
1609 1838 1818 1876 multitudi-

473 1917 558 1942 nem
575 1903 759 1940 nauticam
780 1902 939 1938 nimium
961 1901 1132 1944 multam,
1150 1914 1266 1950 neque
1285 1901 1396 1939 socios
1415 1902 1571 1945 navales,
1589 1909 1634 1938 ut
1651 1901 1819 1952 remiges,

473 1968 512 2004 in
538 1980 691 2004 numero
715 1966 855 2003 civium
884 1964 950 2007 effe
980 1965 1175 2009 habendos,
1203 1964 1328 2002 saltem
1358 1965 1397 2002 in
1423 1965 1565 2015 optima
1591 1965 1794 2016 Republica
1803 1981 1815 2012 ἱ

471 2044 556 2070 cum
575 2031 645 2068 fint
661 2031 704 2067 de
724 2029 848 2066 ordine
865 2027 1056 2079 opificum,
1075 2039 1167 2078 quos
1184 2041 1309 2065 omnes
1337 2029 1376 2065 in
1403 2029 1544 2078 optima
1571 2028 1771 2079 Republica
1797 2042 1819 2066 a

471 2095 609 2132 civium
638 2106 790 2130 numero
809 2092 875 2129 effe
893 2092 1125 2128 removendos
1156 2091 1252 2128 infra
1279 2091 1397 2141 capite
1425 2104 1522 2129 nono
1548 2092 1817 2131 demonstrabit.

471 2159 549 2195 Ubi
568 2156 745 2208 significat
762 2156 796 2193 se
816 2156 964 2192 nomine
981 2155 1158 2192 sociorum
1185 2154 1371 2192 navalium
1386 2170 1397 2201 5
1426 2168 1499 2192 non
1519 2155 1720 2205 intelligere
1737 2157 1817 2206 epi·

470 2224 574 2260 batas
600 2223 669 2258 five
696 2220 832 2257 milites
850 2217 1017 2262 clafficoe‚
1037 2218 1102 2267 qui
1121 2229 1206 2255 cum
1224 2217 1328 2255 liberi
1347 2218 1428 2261 sint,
1446 2224 1482 2254 et
1501 2217 1551 2255 rei
1569 2218 1741 2264 nauticae,
1761 2219 1817 2256 so·

471 2286 609 2335 ciisque
625 2284 784 2336 praefint,
806 2294 879 2320 non
907 2282 1104 2319 minimum
1133 2293 1269 2318 nomen
1296 2287 1333 2318 et
1359 2280 1481 2318 locum
1500 2281 1634 2318 habent
1659 2281 1699 2319 in
1726 2282 1815 2322 civi-

471 2357 559 2389 tate.

963 2450 1024 2489 Ad
1043 2449 1128 2501 Cap.
1136 2448 1324 2501 septimum.

523 2541 618 2591 Agit
633 2540 678 2576 de
696 2536 815 2575 indole
841 2542 878 2573 et
904 2541 1032 2572 natura
1053 2534 1192 2572 civium
1210 2534 1362 2584 optimae
1379 2535 1633 2584 Reipublicae;
1661 2535 1815 2574 Statuit-

471 2619 542 2655 que
569 2617 627 2641 eos
656 2602 782 2638 debere
809 2598 873 2637 effe
902 2605 1033 2635 natura
1055 2596 1273 2640 διανοητικοὺς
1299 2597 1357 2635 καὶ
1387 2596 1580 2646 θυμοιιθεῒς,
1600 2598 1815 2648 ingeniosos,

470 2681 582 2712 acres,
602 2673 638 2703 et
656 2663 846 2702 animosos.
900 2662 981 2699 Hos
1003 2661 1101 2697 enim
1126 2661 1171 2697 ad
1198 2660 1370 2698 virtutem
1400 2659 1466 2697 effe
1493 2662 1691 2708 ιόαγωγοὺς,
1708 2661 1813 2700 facile

469 2730 676 2769 traetabiles
705 2735 741 2765 et
772 2724 977 2778 propensos
1030 2724 1109 2761 Ubi
1140 2724 1285 2773 egregia
1317 2724 1486 2773 quaedam
1515 2730 1551 2760 et
1579 2724 1670 2761 scitu
1700 2726 1813 2775 digna

469 2795 646 2835 interserit
676 2793 720 2831 de
755 2791 916 2828 moribus
944 2794 990 2826 et.
1012 2787 1158 2837 ingenio
1185 2787 1463 2838 Europaeomm,
1498 2787 1752 2834 Asiaticorum,
1778 2795 1816 2826 et
