1904 3308
467 164 551 202 xcvi
827 166 1079 211 ‘SYNOPSIS
1107 169 1429 224 ANALYTICA'

467 273 570 309 dium
604 273 860 324 relinquentes,
891 277 937 315 de
964 279 1117 317 aliorum
1151 288 1226 317 arte
1255 281 1404 330 peritius
1430 281 1662 331 judicabunt,
1688 285 1816 332 utpote

467 336 556 372 alias
575 338 726 385 experti,
747 346 783 375 et
810 340 874 389 ipsi
902 342 1078 390 quamdiu
1105 344 1298 392 pueritiam
1324 351 1359 381 et
1387 346 1586 394 pubertatis
1606 357 1719 382 annos
1737 343 1815 380 exi—

468 405 569 447 gent,
598 400 666 437 hac
693 403 947 440 exercitatione
968 403 1224 451 jucundiffirna
1244 408 1361 455 (quafi
1380 408 1556 457 Archytae
1581 406 1816 457 crepitaculo,

469 463 539 499 five
570 465 706 501 crotalo
738 466 939 504 infantibus
972 469 1018 505 ad
1050 468 1167 506 lusum
1208 470 1284 506 dari
1322 470 1438 513 solito,
1475 469 1656 517 πλαταγὴν
1693 475 1814 512 vocat,

258 528 437 559 Alexander
468 525 584 572 Galli,
613 541 660 564 un
688 528 809 573 bochet,
841 543 887 567 un
911 531 1031 581 eliquet
1057 545 1080 569 a
1103 533 1222 582 petites
1241 534 1424 582 stmnettes)
1451 535 1731 571 detinebuntur:
1753 534 1815 582 ,ita

256 572 428 652 ffifflgig'gza
468 595 591 627 tamen
611 598 653 628 ut
671 605 751 628 eam
777 606 862 630 cum
892 595 999 631 modo
1024 595 1163 632 discant
1175 612 1186 642 3
1217 610 1282 634 nec
1309 598 1391 647 plus
1411 598 1448 634 in
1466 610 1508 634 ea
1526 597 1680 647 sapiant,
1701 610 1813 647 quam

257 662 343 695 patre
359 665 456 695 lepre·
468 665 534 702 par
551 655 607 698 sit,
628 660 691 691 aut
710 656 832 693 deceat
850 657 1011 694 honestos
1030 671 1071 695 ac
1091 659 1263 697 liberales.
1318 661 1400 697 Imo
1418 674 1482 698 nec
1501 660 1686 710 quibusvis
1704 668 1814 697 utan-

256 698 422 781 ἒξὲἑυξζιί,
469 723 529 753 tur
549 717 808 762 instrumentis,
834 726 877 756 ut
907 720 1019 764 tibiis,
1037 721 1198 766 citharis,
1216 723 1433 772 pectinibus,
1453 724 1617 768 barbstis,
1638 725 1813 773 heptago-

257 784 321 814 mie
337 782 406 812 fidi·
468 781 536 825 nis,
556 789 592 818 et
611 783 799 828 fimilibus,
824 797 909 833 quae
935 791 1047 822 artem
1078 799 1316 837 manumque,
1336 793 1396 825 0an
1416 789 1572 837 τεχνίτων
1591 786 1649 824 καὶ
1668 803 1814 838 χιιρους-

254 827 315 900 ξἐἳὸ
330 833 618 897 ἳῆἶῖμγούντωι,
641 846 690 903 .ἰά
722 847 771 883 est
804 847 961 897 ipsorum
994 849 1217 887 Musicorum
1254 850 1449 896 artificum,
1482 851 1675 901 postulant.
1729 851 1814 887 Hoc

254 910 382 960 chusin
400 909 454 939 Pe·
465 908 563 944 enim
592 908 773 946 sordidum
802 910 867 947 esse
893 924 935 948 ac
964 911 1146 950 illiberale.
1201 914 1285 950 Ideo
1305 913 1485 964 ingeniose
1502 920 1634 951 veteres
1660 913 1813 951 fabulati

255 953 430 1027 ffiffe'naeus
466 970 559 1015 sunt,
593 972 800 1010 Minervam
830 974 937 1011 tibias
966 974 1140 1024 abjecisse,
1163 978 1250 1026 quia
1278 977 1405 1014 fistulae
1431 977 1491 1014 seu
1518 978 1618 1015 tibiae
1645 977 1738 1014 nihil
1766 977 1811 1013 ad
1859 996 1869 1005 ··

255 1038 278 1069 1.
290 1038 355 1070 xiv.
466 1034 600 1072 rectam
621 1037 754 1073 mentis
773 1037 1034 1076 institutionem
1064 1039 1267 1077 conferrent
1283 1056 1292 1078 ε
1323 1048 1359 1077 et
1376 1047 1546 1091 praeterea
1564 1031 1744 1078 sordidum
1764 1040 1812 1077 est

465 1097 545 1135 aliis
563 1112 703 1144 canere,
725 1101 771 1136 ob
789 1101 981 1149 quaestum.
1035 1103 1232 1140 Honestius
1259 1105 1386 1153 agebat
1414 1104 1648 1154 Philosophus
1667 1104 1727 1141 ille
1746 1104 1811 1154 qui

465 1162 626 1199 auditore
644 1163 849 1208 destitutus,
869 1163 902 1201 se
923 1164 986 1201 fibi
1004 1178 1130 1203 canere
1147 1167 1287 1204 dicebat
1304 1174 1339 1204 et
1358 1162 1484 1205 Mufis‘.

950 1270 1014 1308 Ad
1032 1271 1104 1323 Cap
1113 1252 1319 1323 ..septimum

252 1366 353 1398 Vafiae
365 1376 440 1398 can.
515 1353 723 1404 Distinguit
742 1355 921 1406 triplicem
951 1357 1195 1402 harmoniam,
1216 1358 1271 1394 vel
1290 1363 1360 1394 tres
1378 1356 1509 1407 species
1532 1357 1810 1396 cantilenarum.

252 1416 347 1459 Qum
361 1411 427 1451 spe·
463 1417 568 1454 Alias
586 1418 685 1455 enim
704 1425 811 1455 vocat
829 1419 992 1464 Ethicas‚
1011 1433 1095 1469 quae
1121 1421 1166 1456 ad
1195 1433 1310 1457 mores
1333 1420 1592 1468 instituend0s3
1619 1420 1708 1463 alias
1726 1433 1810 1469 pra-

249 1461 325 1484 me&
464 1479 588 1525 ὀὶὶοειε,
615 1495 698 1531 quae
725 1483 771 1538 ad
799 1482 959 1519 affiones
989 1490 1024 1520 et
1055 1484 1214 1520 humana
1241 1497 1370 1534 opera;
1400 1483 1487 1520 alias
1506 1483 1811 1534 enthoufiasticasj

463 1557 547 1594 quae
577 1545 621 1582 ad
650 1545 792 1582 animos
818 1546 943 1583 divino
961 1547 1121 1595 quodam
1149 1554 1252 1584 motu
1269 1547 1500 1584 concitandos
1518 1548 1652 1584 valent.
1704 1547 1807 1584 Tum

463 1608 587 1645 statuit
603 1609 782 1646 Muficam
800 1610 845 1646 ad
860 1610 975 1646 varios
995 1609 1077 1646 usus
1096 1609 1232 1655 referri,
1248 1623 1378 1660 nempe
1397 1612 1442 1648 ad
1461 1611 1725 1648 institutionem
1739 1612 1809 1648 five

462 1671 692 1722 disciplinam
703 1689 715 1719 ς
745 1673 790 1710 ad
817 1673 1079 1717 lustrationem,
1095 1674 1163 1711 five
1181 1674 1450 1724 purgationem,
1467 1675 1524 1711 vel
1549 1675 1808 1724 expiationem,

251 1737 333 1769 Usus
352 1734 628 1786 Μυίῑ-κάθαρση
645 1743 761 1780 vocat,
781 1738 883 1786 (quae
909 1736 958 1773 est
986 1735 1120 1774 sedatio
1145 1736 1340 1774 affetfftuum
1368 1737 1473 1774 sacris
1499 1738 1666 1774 cantibus
1685 1736 1809 1787 perfici

252 1789 310 1811 ω’
462 1797 581 1842 solita,
600 1800 645 1836 de
662 1813 736 1850 qua
752 1800 936 1837 dicturum
965 1800 998 1837 se
1025 1801 1217 1850 pollicetur
1243 1801 1281 1837 in
1308 1803 1396 1838 Arte
1423 1801 1589 1851 poetica:
1620 1814 1703 1850 quae
1721 1813 1808 1837 cum

462 1863 578 1900 tribus
607 1863 708 1900 libris
739 1864 821 1901 effet
852 1863 1121 1914 comprehensa,
1153 1864 1329 1914 superfuit
1363 1864 1467 1902 nobis
1497 1865 1628 1902 unicus
1665 1865 1702 1901 in
1734 1877 1810 1914 quo

461 1939 579 1976 pauca
605 1927 649 1964 de
678 1927 842 1965 Catharfi
864 1928 1052 1974 dicuntur)
1075 1928 1123 1965 Et
1150 1929 1194 1965 ad
1221 1929 1335 1965 vitam
1356 1941 1440 1965 cum
1459 1928 1604 1965 honesta
1622 1928 1811 1977 voluptate

459 1996 496 2027 et
514 1990 631 2027 animi
649 1991 870 2028 relaxatione
892 1991 1107 2041 degendam.
1159 1992 1286 2028 Tertio
1304 1992 1356 2028 ait
1372 1992 1474 2028 omni
1494 1992 1684 2029 harmonia
1702 1997 1810 2028 uten-

459 2054 550 2091 dum
579 2054 658 2099 esse,
676 2054 734 2092 sed
762 2068 837 2092 non
866 2056 990 2092 eodem
1020 2056 1149 2106 modo,
1193 2057 1256 2094 Ad
1284 2057 1545 2094 institutionem
1573 2057 1673 2094 enim
1691 2057 1809 2096 valere

459 2119 654 2165 Ethicam;
683 2120 729 2156 ad
760 2120 930 2157 audiendi
962 2120 1188 2171 voluptatem
1220 2121 1382 2158 conferre
1412 2120 1626 2166 Praeticam,
1658 2126 1695 2158 et
1730 2121 1808 2158 En-

459 2183 738 2228 thoufiasticam,
771 2183 851 2220 aliis
885 2191 1008 2220 tamen
1041 2184 1267 2227 canentibus,
1297 2183 1354 2220 vel
1386 2184 1607 2222 ludentibus.
1662 2184 1812 2222 Quarto-

459 2247 658 2296 aptandam
688 2246 754 2283 effe
783 2248 1011 2284 harmoniam
1041 2248 1209 2286 auditori.
1237 2244 1245 2248 v
1264 2247 1409 2286 Quinto
1434 2248 1588 2285 Doriam
1617 2249 1662 2286 ad
1690 2261 1810 2286 mores-

458 2310 670 2354 conducere,
691 2311 788 2359 quod
807 2310 928 2347 media
956 2311 998 2347 fit
1025 2311 1120 2348 inter
1144 2311 1314 2361 Lydiam,
1340 2324 1423 2361 quae
1451 2312 1496 2348 ad
1524 2311 1699 2357 actiones,
1719 2325 1807 2363 ope·

457 2386 541 2410 rave
569 2374 752 2418 humana5
783 2380 819 2409 et
850 2374 1062 2423 Phrygiam,
1084 2387 1167 2424 quae
1193 2375 1238 2411 ad
1265 2375 1408 2411 divinos
1435 2382 1555 2412 motus
1586 2375 1806 2426 affectusque

454 2438 690 2475 concitandos
710 2437 878 2488 pertinet.
931 2438 1042 2476 Unde
1061 2438 1202 2488 colligit
1219 2438 1354 2475 Dorios
1380 2445 1508 2475 cantus
1535 2439 1655 2488 pueris
1674 2451 1806 2476 conve-

456 2501 547 2539 nire.
602 2502 711 2539 Sexto
729 2501 957 2538 remiffiorem
983 2503 1213 2539 harmoniam
1241 2502 1431 2539 convenire
1459 2502 1613 2549 senibu8‚
1632 2508 1674 2539 ut
1692 2502 1805 2539 acrio-

456 2577 533 2601 rem
563 2563 784 2613 junioribus.
825 2565 1008 2615 ⁴Denique
1045 2572 1083 2603 et
1126 2567 1356 2603 harmoniam
1403 2555 1574 2616 Lydiam,
1610 2579 1806 2616 puerorum

456 2629 558 2666 aetati
590 2636 822 2679 competere;
853 2630 950 2679 quod
983 2630 1046 2666 illa
1077 2639 1247 2667 ornatum
1280 2637 1317 2667 et
1345 2630 1574 2679 disciplinam
1607 2630 1805 2667 contineat.

454 2693 515 2730 Sic
534 2691 616 2730 finit
634 2693 785 2731 Politica
802 2692 864 2730 sua
882 2693 1105 2738 Aristoteles,
1125 2694 1258 2743 quibus
1283 2694 1399 2732 multa
1421 2693 1544 2738 deesse,
1562 2694 1618 2731 vel
1637 2695 1723 2731 hinc
1740 2706 1806 2744 ap-

456 2762 572 2806 paret,
603 2757 701 2806 quod
731 2757 769 2794 in
801 2770 995 2807 puerorum
1027 2757 1252 2796 institutione
1278 2759 1396 2796 adhuc
1421 2758 1589 2797 versetur.
1643 2758 1808 2811 Conatue
