1904 3308
123 417 184 461 15.

351 184 950 230 OECONOMICORUM
989 184 1250 225 CAPITA.
1431 181 1494 222 exi

276 298 510 352 disciplinam
531 297 634 336 suam
653 299 700 336 ad
718 310 773 337 res
789 296 939 335 bellicas
965 296 1144 342 referunt,
1164 308 1240 334 non
1259 294 1307 333 ad
1327 300 1496 387 tempsora

212 367 532 451 Proffiffsvirtutes
562 406 609 444 ad
634 406 753 444 otium
783 405 1006 456 pertinentes
1033 404 1100 443 effe
1121 404 1159 442 in
1187 403 1320 454 primis
1338 360 1495 442 neces&

278 463 351 500 rias
368 476 378 499 ι
408 461 553 499 Deinde
571 461 615 498 de
633 460 774 498 ratione
787 460 885 497 cives
904 459 1132 503 instituendi,
1148 458 1328 509 disputat,
1345 464 1382 496 et
1401 457 1495 508 quid

281 517 319 553 in
339 529 382 553 eo
398 517 442 553 fit
460 515 625 566 primum
647 513 781 564 quaerit
1413 513 1495 561 639

124 570 186 609 16.
215 569 305 608 Quo
336 576 503 620 tempore
533 576 570 606 et
598 567 724 619 quales
758 567 855 605 inter
887 567 923 605 se
958 567 1200 605 matrimonio
1229 563 1424 616 conjungi,
1457 571 1497 603 et

280 624 460 674 quamdiu
491 622 613 660 liberis
641 635 791 673 operam
818 622 905 659 dare
924 629 1104 673 oporteat.
1159 622 1219 659 De
1237 620 1361 658 liberis
1378 633 1494 670 expo-

280 677 410 715 nendis
428 675 654 714 tollendisve.
708 675 895 713 Adulterii
914 677 1116 726 prohibitio
1413 675 1491 723 641

125 739 188 782 17.
214 731 339 769 Liberi
372 731 451 768 nati
480 730 667 781 quomodo
696 730 830 775 alendi,
848 736 884 768 et
908 730 954 768 ad
978 730 1176 782 septimum
1205 728 1321 780 usque
1347 740 1491 774 annum

279 784 460 822 educandi
1413 783 1494 833 644

607 872 751 910 LIBRI
780 871 1002 912 OCTAVI.

149 960 183 990 1.
212 947 466 999 Legumlatori
485 947 676 985 neceffario
699 948 744 985 de
773 962 969 999 puerorum
990 949 1218 988 institutione
1235 949 1332 1001 leges
1352 949 1420 988 effe
1438 949 1494 988 fe-

278 1003 420 1047 rendas,
439 1002 706 1039 institutionem
726 1016 841 1040 unam
860 1004 1034 1041 omnibus
1051 1004 1118 1041 effe
1134 1005 1262 1042 debere
1412 1004 1494 1054 649

147 1067 184 1097 2.
212 1055 270 1093 De
288 1056 387 1094 reeta
405 1055 634 1093 institutione
1412 1059 1492 1110 650

143 1121 184 1159 3.
213 1109 270 1147 De
290 1117 451 1160 quatuor
476 1109 521 1147 iis
546 1124 631 1160 quae
657 1111 737 1148 sum
762 1111 895 1149 liberos
920 1111 1042 1150 Graeci
1069 1112 1196 1150 docere
1214 1112 1343 1158 solent,
1363 1113 1493 1158 literis,

279 1164 520 1214 gymnastica,
541 1165 689 1210 musica,
708 1166 884 1216 graphica
902 1180 911 1203 :
940 1166 1126 1217 praecipue
1144 1167 1189 1204 de
1209 1168 1346 1206 musica
1412 1167 1439 1204 6
1441 1175 1489 1217 51

145 1228 186 1264 4.
214 1216 275 1257 De
294 1218 470 1255 athletica
486 1225 524 1260 et
539 1219 768 1269 gymnastica
1413 1222 1439 1258 6
1440 1230 1494 1272 54

145 1280 185 1322 5.
215 1272 273 1308 De
291 1274 427 1309 mufica
1413 1275 1439 1312 6
1441 1285 1464 1326 5
1468 1283 1492 1328 5

145 1325 186 1362 6.
213 1325 353 1363 Utrum
381 1339 511 1376 pueros
538 1327 664 1364 deceat
692 1327 746 1364 ita
772 1328 948 1364 musicam
976 1327 1112 1366 discere
1130 1334 1174 1366 ut
1192 1329 1259 1380 ipfi
1277 1336 1425 1372 canant,
1444 1342 1493 1367 an

279 1393 381 1416 non:
412 1387 448 1417 et
467 1394 514 1418 an
535 1382 672 1419 mufica
697 1381 840 1421 efficere
862 1381 1023 1419 sordidos
1055 1389 1094 1421 et
1126 1383 1319 1422 illiberales
1348 1385 1391 1422 fit
1420 1397 1492 1433 pu-

149 1493 185 1536 7.
212 1434 495 1526 Detgppgoniis
513 1494 550 1527 et
569 1489 734 1527 numeris
1413 1437 1494 1541 663

459 1688 1151 1717 W

325 1871 953 1930 OECONOMICORUM
988 1878 1205 1935 CAPIT
1204 1882 1272 1935 A.

637 2063 992 2092 -ῴ-

639 2193 783 2231 LIBRI
811 2195 978 2234 PRIMI.

147 2289 182 2317 1.
209 2244 437 2320 DIFFER
446 2283 618 2322 EN‘mA
639 2275 734 2324 inser
751 2287 1044 2327 OEconomicam
1064 2294 1101 2328 et
1121 2291 1313 2330 Ponticam
1416 2259 1503 2346 669-

170 2363 179 2370 .
209 2334 357 2372 Domus
383 2345 519 2385 partes,
542 2340 654 2376 homo
671 2347 708 2378 et
726 2341 947 2381 facultates:
978 2351 1015 2382 et
1039 2346 1084 2382 de
1110 2345 1334 2385 facultatum
1361 2362 1497 2399 paran-

274 2389 410 2426 darum
433 2392 574 2429 ratione
1416 2404 1498 2453 670

139 2453 181 2488 3.
210 2442 343 2479 Altera
360 2444 492 2481 domus
512 2459 610 2495 pars.
628 2447 769 2491 Homo,
787 2456 823 2486 et
842 2450 887 2489 de
905 2450 1026 2489 officio
1046 2453 1172 2492 mariti
1190 2461 1227 2493 et
1245 2456 1370 2494 uxoris
1417 2458 1494 2506 671

139 2507 176 2541 4.
207 2497 396 2546 Praecepta
419 2500 552 2537 marito
570 2513 656 2550 erga
676 2515 827 2540 uxorem
848 2504 1023 2544 servanda
1417 2511 1496 2561 672

141 2559 178 2598 5.
208 2549 273 2586 De
293 2550 403 2587 servis
915 2584 918 2587 -
1404 2565 1497 2603 ibid.

139 2605 175 2639 6.
210 2603 276 2640 De
295 2604 543 2654 procuratoris
563 2605 654 2646 servi
673 2616 710 2647 et
724 2610 914 2662 diligentis
931 2614 1006 2652 heri
1026 2614 1147 2654 officio
1417 2620 1498 2671 674

600 2697 745 2736 LIBRI
773 2695 1026 2741 SECUNDI.

155 2778 190 2804 1.
219 2766 279 2804 De
297 2766 428 2807 formis
447 2770 774 2811 administrationis
792 2775 1003 2814 domesticae
1422 2783 1499 2833 683

148 2831 183 2857 2.

213 2822 390 2868 Aetones,
428 2825 565 2874 quibus
592 2827 746 2877 quidam
776 2831 950 2879 pecunias
976 2840 1505 2885 pepererunt,·commemorat

1423 2893 1502 2944 685
