1846 3250
348 217 733 260 POLI'I'ICORUM
757 213 1119 255 ARISTOTELIS.
1146 214 1182 254 Ι.
1210 213 1250 253 8.
1455 211 1499 253 ti

107 332 188 371 haec
206 330 384 382 siquidem
405 331 490 370 sunt
520 331 699 384 ζωοφοίγα,
715 335 754 368 et
779 328 853 367 alia
877 327 1061 366 animalia
1086 326 1266 365 devorant
1279 341 1291 372 3
1321 323 1387 362 illa
1414 341 1496 377 καρ·

107 398 271 447 modyn,
290 404 328 435 et
346 397 488 435 fructus
507 397 730 442 comedunt3
761 394 836 433 alia
854 393 939 431 sunt
958 392 1156 442 παμφάγα,
1185 404 1270 441 quae
1297 389 1403 428 omni
1432 402 1496 440 ge-

106 475 191 500 nere
211 462 338 513 pabuli
359 462 568 500 vescuntur.
621 461 724 499 Tum
745 460 852 498 docet
879 458 1032 496 eandem
1053 456 1125 494 ‘effe
1144 456 1182 494 in
1203 455 1418 493 hominibus
1436 467 1497 492 ra-

107 527 263 572 tionem,
291 541 451 579 quorum
480 527 617 566 scilicet
642 525 781 564 diversa
810 525 881 563 fint
909 523 1059 562 vivendi
1087 535 1234 574 genera,
1254 535 1340 572 quae
1369 526 1494 560 tamen
1540 514 1545 522 ¹

108 594 156 631 ad
182 593 255 631 tria
283 594 510 644 potiffimum
541 593 774 631 reducantur.
829 590 999 629 Primum
1028 589 1078 627 est
1106 587 1266 639 νομάδων,
1291 587 1493 639 pastorum,
1505 602 1580 634 Vita
1593 605 1696 645 pasto„

107 671 201 709 quos
221 658 274 696 ait
292 658 359 696 effe
385 658 581 696 hominum
612 658 833 710 ἀςγοταίτους,
852 655 1088 707 pigerrimos,
1106 655 1243 705 quibus
1270 652 1408 691 scilicet
1433 652 1492 690 vi-
1502 646 1586 678 ¹5⁶³·

109 723 191 761 &us
209 723 414 773 contingat,
434 723 505 761 ἀπὸ
525 728 587 761 τῶν
609 725 727 775 ἡμέρωι
748 721 848 773 ζώων,
870 735 891 759 a
909 720 1112 758 mansuetis
1139 726 1178 758 et
1203 719 1390 758 cicuribus
1409 718 1493 756 ani-

111 789 271 826 malibus
301 789 374 825 fine
403 787 540 830 labore,
561 786 671 839 &cmg
701 788 862 839 γεωργίαν
892 785 1005 838 giffar
1029 789 1224 838 γεωργοῦσι,
1245 785 1346 835 quafi
1366 784 1492 822 vivam

108 852 391 903 agriculturam,
411 865 542 902 pecora
567 852 723 902 agend0,
742 852 1008 889 exercentibus.
1063 850 1273 888 Secundum
1303 849 1355 886 est
1381 861 1492 887 vena-
1503 862 1687 897 Vemania,

106 922 245 960 torum,
264 916 330 966 qui
359 917 430 954 ἀπὸ
460 915 563 968 θήρας
594 915 691 968 ζῶσι,
719 930 764 954 ex
791 916 986 954 venatione
1013 915 1162 960 vivunt,
1180 914 1218 952 id
1245 914 1309 960 est,
1338 920 1495 965 captura

107 979 223 1033 θηρίων
254 983 388 1034 ἀγρίων.
443 981 501 1019 Ut
528 982 630 1019 enim
659 982 827 1033 primum
856 982 946 1019 vitae
975 994 1091 1032 genus
1109 981 1159 1019 est
1176 980 1360 1026 cicurum,
1377 980 1426 1018 fic
1442 979 1497 1018 se·

105 1048 272 1084 cundum
302 1046 476 1085 ferarum.
532 1047 743 1098 Distinguit
771 1061 856 1086 vero
884 1048 1006 1085 varias
1024 1047 1232 1085 venationis
1250 1046 1310 1084 seu
1328 1053 1497 1098 capturae

106 1107 255 1162 species,
285 1113 461 1164 λῃστείαν,
495 1112 763 1160 latrocinium3
793 1116 938 1159 ἁλιείαν,
965 1112 1178 1165 piscatum,
1208 1113 1427 1164 aucupium,
1457 1120 1495 1151 et

106 1175 268 1214 ferarum
292 1178 577 1228 quadrupedum
605 1178 909 1229 persecutionem.
963 1178 1135 1216 Tertium
1155 1178 1208 1216 est
1227 1178 1490 1228 agricolarum,
1502 1191 1689 1232 Agricfflm.

108 1242 180 1280 five
197 1255 323 1280 eorum
346 1243 411 1294 qui
430 1243 575 1281 vietum
595 1250 729 1295 petunt
747 1258 792 1281 ex
810 1250 916 1281 terrae
933 1243 1105 1294 frugibus
1124 1250 1160 1280 et
1179 1243 1363 1281 fructibus
1383 1245 1490 1281 arbo-
1503 1243 1548 1266 ¹²·

104 1319 203 1351 rum,
220 1313 258 1345 et
285 1308 351 1358 qui
379 1309 425 1345 fic
453 1309 598 1352 vivunt,
618 1308 703 1346 sunt
732 1308 1017 1360 quamplurimi.
1072 1309 1123 1346 Et
1151 1309 1230 1347 haec
1254 1308 1403 1346 vivendi
1426 1322 1493 1360 ge-

105 1384 194 1409 nera
224 1385 247 1410 a
273 1380 407 1411 natura
432 1372 498 1411 effe
526 1374 728 1413 concludit.
783 1374 862 1412 Ubi
883 1374 1002 1412 obiter
1029 1379 1196 1419 annotat,
1216 1374 1344 1424 stirpes
1363 1374 1430 1412 effe
1451 1375 1492 1412 in

103 1438 264 1488 gratiam
298 1439 537 1484 animalium,
569 1439 748 1478 animalia
780 1447 907 1478 autem
937 1447 1070 1478 caetera
1100 1445 1253 1491 propter
1283 1440 1491 1481 hominem.

104 1502 236 1547 Addit,
254 1502 452 1553 πολεμικὴν,
473 1503 511 1541 id
529 1504 579 1556 est
597 1510 713 1541 artem
733 1504 917 1549 bellicam,
937 1504 1004 1542 effe
1024 1503 1182 1547 κτητικὴ,
1201 1505 1391 1555 quandam
1417 1507 1488 1543 sive
1502 1509 1624 1542 Omnia
1637 1520 1708 1561 pro-

103 1566 194 1605 artis
229 1568 459 1617 quaestuariae
488 1567 671 1620 speciem3
704 1583 792 1607 cum
825 1570 869 1607 fit
900 1570 1074 1620 quaedam
1103 1570 1311 1608 venationis
1341 1555 1694 1629 species,ss{3‘{{¹}¹⁰m¹·

103 1631 273 1669 videlicet
295 1633 492 1670 hominum
520 1647 661 1679 eorum,
682 1634 747 1684 qui
766 1647 852 1672 cum
873 1636 919 1672 ad
937 1636 1144 1686 parendum
1162 1635 1242 1673 nati
1263 1636 1346 1681 sint,
1364 1649 1490 1686 parere

105 1703 232 1735 tamen
250 1698 397 1736 nolunt.
453 1698 655 1750 Tanquam
681 1700 754 1737 tale
781 1700 920 1738 bellum
947 1707 1082 1738 natura
1099 1701 1143 1737 fit
1163 1699 1320 1750 justum.
1378 1701 1488 1740 Unde
1499 1709 1626 1743 Justum
1641 1711 1688 1747 est
1742 1724 1744 1726 ·

106 1763 346 1812 quaestionem
367 1770 475 1802 antea
493 1766 714 1816 propositam
742 1764 864 1804 solvit.
919 1766 1225 1804 Chrematisticen
1252 1766 1390 1804 scilicet
1415 1768 1487 1805 five
1498 1754 1656 1831 ξὲἒῐὲἷ

106 1828 292 1866 Cteticam
307 1829 529 1873 naturalem,
539 1829 606 1867 effe
620 1839 763 1880 partem
783 1831 1063 1877 OEconomicae3
1086 1830 1265 1882 illamque
1282 1832 1349 1869 effe
1364 1832 1485 1870 neces·
1496 1849 1552 1871 vos
1567 1810 1687 1875 bellor-

107 1891 242 1930 sariam
257 1893 500 1938 OEconomis,
520 1901 557 1931 et
583 1895 759 1933 Politicis.
813 1897 938 1946 Atque
958 1896 1108 1933 interim
1129 1909 1232 1934 veras
1251 1897 1403 1935 divitias
1425 1912 1485 1936 eas
1496 1887 1620 1919 venari.

105 1956 187 2001 effe,
217 1971 303 2007 quae
334 1959 380 1996 ad
412 1959 618 1997 naturalem
651 1960 756 1997 illam
789 1961 1061 1998 Quaestuariam
1094 1962 1296 2013 pertinent,
1327 1971 1373 2002 ut
1404 1962 1491 2002 sunt

105 2021 247 2072 fruges,
268 2022 424 2068 fructus,
445 2037 588 2074 pecora,
607 2031 643 2062 et
661 2025 817 2063 similia:
850 2039 984 2077 nempe
1014 2026 1104 2076 quia
1131 2027 1217 2064 satis
1246 2027 1332 2066 sunt
1358 2030 1406 2067 ad
1432 2029 1491 2068 vi-

103 2086 280 2131 vendum,
299 2093 336 2124 et
362 2094 536 2138 praeterea
561 2088 679 2127 finitae
704 2088 801 2128 sunt.
855 2091 964 2128 Verae
991 2091 1092 2128 enim
1118 2092 1261 2130 divitiae
1290 2094 1327 2131 in
1362 2094 1488 2132 infini-
1501 2101 1591 2134 Verae
1606 2104 1689 2137 divi·

105 2157 188 2189 tum
210 2153 308 2190 abire
328 2166 403 2191 non
417 2154 549 2191 debent
566 2170 574 2192 :
606 2156 747 2206 alioqui
765 2169 876 2193 nemo
901 2169 1024 2193 revera
1043 2157 1143 2194 dives
1163 2172 1331 2209 unquam
1351 2160 1488 2198 dicere·
1501 2146 1556 2220 ἐξ
1569 2147 1640 2179 sunt
1655 2159 1676 2181 ⁸

105 2223 181 2262 tur,
199 2218 438 2269 hominesque
466 2233 594 2258 omnes
627 2220 769 2272 semper
795 2221 906 2260 essent
933 2223 1040 2272 egeni
1068 2236 1110 2260 ac
1138 2238 1329 2275 pauperes.
1385 2227 1491 2265 Falso
1559 2201 1628 2225 ura·

103 2282 207 2320 enim
225 2283 325 2321 dixit
344 2284 468 2330 Solon,
489 2286 634 2324 πλούτου
653 2285 685 2324 δ’
701 2285 794 2325 οὐθὲν
812 2290 930 2338 τέρμα,
950 2300 1025 2324 non
1044 2287 1109 2325 effe
1127 2289 1348 2329 divitiarum
1362 2291 1492 2338 finem,

105 2348 172 2385 nisi
190 2348 234 2385 de
251 2348 394 2386 divitiis
413 2349 458 2386 iis
478 2350 666 2400 loquatur,
686 2365 770 2402 quae
789 2365 863 2390 non
883 2352 1034 2403 quidem
1064 2351 1263 2400 naturales,
1282 2356 1340 2393 sed
1366 2358 1492 2408 potius

106 2414 282 2452 humanae
301 2414 385 2452 sunt
404 2422 440 2453 et
460 2415 668 2454 artificiales
685 2432 694 2454 ε
725 2432 810 2468 quae
831 2418 968 2456 scilieet
987 2433 1032 2456 ex
1051 2422 1283 2458 commerciis
1303 2435 1346 2460 ac
1366 2437 1490 2461 rerum

105 2482 443 2532 permutationibus
477 2491 753 2535 comparantur.
807 2485 868 2523 De
906 2485 963 2523 his
998 2486 1100 2524 enim
1135 2501 1263 2526 verum
1298 2489 1348 2527 est
1384 2490 1492 2537 illud,

107 2546 209 2596 quod
227 2546 300 2583 dici
322 2546 424 2592 solet,

222 2612 316 2649 Finis
334 2624 430 2664 opum
449 2614 563 2652 nullus
576 2617 702 2666 pqfitus
721 2616 921 2655 mortalibus
939 2618 1058 2670 aegris.

105 2675 176 2713 Sed
194 2677 283 2714 tales
301 2678 445 2717 divitiae
464 2687 506 2718 ut
526 2679 611 2718 sunt
630 2682 810 2733 pecuniae,
829 2696 906 2721 non
925 2683 1010 2722 sunt
1034 2697 1129 2723 verae
1155 2685 1310 2732 divitiae,
1329 2693 1372 2726 ut
1390 2687 1489 2726 dicet

104 2754 188 2794 cap.
210 2742 390 2794 sequenti.
