1904 3308
313 206 695 252 POLITICORUM
722 200 1087 245 ARISTOTELIS.
1115 201 1188 239 111.
1219 210 1258 252 5,
1289 199 1327 239 6.
1399 196 1520 236 xxxiii

135 323 199 374 gia
219 322 449 374 comparatio
474 319 710 370 Reipublicae
734 329 820 356 cum
851 316 953 354 navi.
1006 315 1066 352 De
1096 326 1171 363 qua
1198 300 1519 362 legendus'etiam

136 388 187 425 est
212 387 269 424 M.
290 387 440 424 Tullius
472 386 510 422 in
540 384 674 423 Laelio.
697 388 734 420 et
762 381 825 419 lib.
846 381 912 418 xii.
943 379 1058 430 Epist.
1082 378 1128 414 ad
1150 377 1232 415 Qu.
1254 374 1518 413 Cornificium.

137 452 331 502 Significat
350 458 475 489 autem
495 448 705 486 Aristoteles
723 446 791 484 effe
808 446 977 483 eamdem
1006 450 1206 481 nautarum
1233 450 1271 478 et
1298 439 1439 477 civium
1460 451 1519 476 ra-

135 517 290 554 tionem.
346 517 402 554 Ut
421 515 523 553 enim
553 519 752 551 nautarum
773 511 893 550 officia
921 510 1006 547 sunt
1033 510 1132 555 duo;
1163 519 1363 546 commune
1381 517 1519 547 unum,
1531 513 1577 543 Ut
1591 517 1708 562 nauta-

137 580 176 619 in
197 581 367 632 prospero
383 580 490 618 cursu
508 586 544 617 et
562 579 676 616 salute
704 577 810 615 navis
839 576 1011 626 positum,
1042 575 1211 625 σωτπξίαι
1238 575 1297 615 τῆς
1328 571 1518 612 ναυτιλίας,
1532 556 1726 630 ἱῗιῗὲιῆέἐῗ

137 654 269 684 vocat:
302 646 493 697 proprium
523 644 693 685 alterum,
718 649 760 679 ut
787 641 954 691 remigis,
974 652 1092 677 remos
1110 639 1264 675 ducere:
1295 637 1518 687 gubernato·
1532 643 1582 674 cia
1597 643 1675 674 duo.

137 711 201 754 ris,
218 712 366 749 clavum
385 717 531 754 tenere;
562 715 731 759 proretae,
750 719 899 758 proram
929 713 965 743 et
992 705 1124 742 navim
1150 704 1356 754 gubernare
1378 715 1386 739 :
1416 701 1464 737 fic
1482 706 1520 737 et

137 777 278 814 civium
311 778 385 813 duo
420 775 505 812 sunt
534 787 688 810 munera
717 779 752 810 et
786 772 954 814 virtutes,
986 783 1064 807 una
1095 769 1246 820 publica
1277 774 1314 805 et
1344 765 1516 804 omnium

137 842 362 884 communis,
390 854 477 891 quae
503 840 550 876 ad
578 838 738 890 publicae
768 836 895 875 salutis
923 835 1056 874 curam'
1081 834 1319 884 studiumque
1346 831 1513 870 refertur.
1529 832 1730 863 Commune·

138 903 268 944 Altera
287 905 462 957 specialia,
482 911 518 941 et
539 903 764 953 singulorum
793 902 955 954 propria,
983 914 1068 951 quae
1097 899 1293 937 secundum
1322 897 1443 935 varios
1462 896 1517 934 ci·
1529 895 1685 938 speciale.

139 971 244 1009 vium
274 971 419 1008 ordines
446 977 482 1007 et
512 970 602 1006 alias
632 977 744 1018 atque
773 967 863 1005 alias
890 966 1122 1004 conditiones
1149 963 1404 1014 distinguitur.
1460 962 1521 1000 Sic

138 1037 240 1074 enim
261 1036 362 1072 aliud
382 1035 545 1072 officium
567 1033 615 1071 est
636 1032 834 1077 Senatoris,
852 1031 953 1069 aliud
973 1030 1119 1073 militis,
1136 1029 1240 1066 aliud
1268 1027 1522 1078 magistratus,

140 1101 243 1138 aliud
261 1101 423 1138 hominis
443 1099 603 1150 privati:
635 1100 654 1139 ἦ
675 1097 708 1135 δὲ
729 1099 877 1148 φρόνησις
897 1095 1057 1148 ἇςχοιτος
1078 1093 1155 1137 ἴδιος
1175 1091 1276 1146 tigni)
1297 1095 1392 1142 μόνη.
1429 1092 1525 1130 Pru-

141 1164 257 1203 dentia
277 1174 389 1202 autem
407 1163 603 1215 imperantis
628 1162 742 1200 virtus
769 1161 813 1210 est
828 1160 908 1211 fila
932 1159 1083 1212 propria,
1103 1158 1241 1208 inquit,
1260 1157 1350 1207 quia
1369 1163 1523 1199 caeterae,

141 1237 186 1268 ut
205 1229 396 1274 fortitudo,
414 1229 627 1272 liberalitas,
650 1225 807 1275 justitia,
827 1225 1086 1275 temperantia,
1107 1235 1324 1260 communes
1344 1222 1431 1259 sunt
1450 1222 1524 1259 im·-

142 1295 287 1346 peranti
307 1302 343 1332 et
361 1292 633 1344 obtemperanti
645 1310 656 1338 i
686 1299 722 1330 et
743 1292 781 1328 in
803 1292 1080 1341 obtemperante
1107 1289 1192 1326 satis
1211 1288 1261 1325 est
1279 1289 1378 1325 bona
1394 1286 1525 1338 opinio

143 1361 189 1397 de
218 1359 446 1410 magistratu,
477 1366 518 1396 ut
545 1358 625 1408 ejus
645 1356 742 1406 juffa
769 1356 939 1394 alacriter
965 1362 1182 1405 exequatur.
1239 1343 1331 1391 Quo
1351 1353 1432 1390 loco
1451 1352 1524 1389 ele-

145 1433 277 1475 ganter
302 1431 494 1474 comparat
520 1425 837 1473 obtemperantem
869 1434 955 1458 cum
988 1419 1176 1470 aulopoeo‚
1204 1418 1241 1456 id
1269 1418 1320 1456 est
1345 1418 1524 1455 tibiarum

144 1487 299 1540 opifice3
330 1489 589 1540 imperantem,
605 1500 692 1525 cum
714 1486 846 1531 aulem,
866 1486 903 1523 id
922 1485 972 1523 est
992 1484 1157 1523 tibicine.
1212 1479 1317 1522 Huic
1341 1483 1442 1525 enim
1464 1482 1525 1520 ille

145 1552 215 1591 sese
234 1554 502 1592 accommodat.

658 1661 722 1701 Ad
739 1658 826 1715 Cap.
844 1661 1012 1715 quintum.

201 1747 379 1800 Disputat
398 1748 444 1786 de
461 1748 667 1800 opificibus,
687 1762 780 1799 quos
799 1749 1006 1793 βαναύσους,
1027 1753 1148 1792 vocat,
1166 1760 1215 1785 an
1235 1747 1392 1785 debeant
1412 1746 1466 1784 illi
1486 1744 1526 1783 in

148 1814 293 1852 civibus
319 1815 520 1853 numerari.
572 1814 751 1851 Rationes
789 1814 888 1851 ultro
924 1813 1090 1864 citroque
1118 1812 1270 1863 profert.
1327 1812 1528 1850 Concludit

150 1879 190 1918 in
214 1880 358 1931 optima
385 1879 592 1930 Republica
610 1879 707 1916 cives
727 1892 801 1916 non
819 1878 887 1916 effe
907 1885 1124 1916 mercatores
1142 1878 1339 1929 operarios,
1357 1885 1394 1915 et
1413 1878 1528 1915 sordi-

148 1945 215 1993 dos
233 1943 401 1983 artifices.
458 1945 688 1994 Quanquam
719 1944 809 1981 alias
838 1944 935 1981 cives
963 1944 1047 1986 fint,
1074 1950 1116 1980 ut
1144 1944 1183 1981 in
1213 1944 1464 1988 Democratia‚
1491 1950 1530 1980 et

148 2010 381 2062 Oligarchia,
406 2011 607 2062 praesertim
638 2012 663 2048 fi
694 2012 764 2049 fint
792 2011 953 2053 divites;
982 2011 1074 2048 alias
1091 2024 1180 2055 non,
1199 2018 1243 2049 ut
1262 2011 1300 2048 in
1321 2010 1528 2048 Aristocra-

148 2076 215 2119 tia‚
234 2077 259 2114 fi
287 2090 374 2126 quae
402 2076 456 2120 fit,
474 2076 623 2126 inquit:
655 2076 694 2113 in
723 2077 792 2113 hac
814 2075 916 2113 enim
936 2077 1090 2113 honores
1108 2083 1145 2114 et
1163 2076 1366 2127 dignitates
1385 2089 1429 2113 ex
1449 2088 1528 2112 me-

148 2140 223 2178 rito
239 2147 277 2178 et
296 2141 433 2178 virtute
452 2140 677 2178 deferuntur.
734 2140 847 2178 Quod
866 2141 916 2178 est
933 2140 1155 2179 rariffimum
1184 2148 1221 2179 et
1250 2141 1325 2178 fere
1354 2141 1392 2178 in
1424 2139 1530 2178 nulla

148 2204 192 2243 fit
209 2205 372 2243 civitate.
425 2205 538 2243 Unde
569 2205 694 2243 irridet
723 2205 888 2242 Bodinus
915 2205 1202 2256 Jurisconsultus
1222 2206 1357 2244 Gallus
1381 2219 1441 2243 eos
1461 2205 1526 2256 qui
1541 2207 1621 2248 Cap.
1637 2209 1681 2239 vi.

148 2271 195 2309 de
228 2271 487 2310 Aristocratico
522 2271 703 2321 regimine
735 2270 910 2314 tractant,
944 2272 1044 2321 quod
1077 2271 1213 2308 nullibi
1250 2271 1421 2309 servetur.
1480 2271 1528 2308 Et
1542 2252 1690 2328 2432?OE

148 2343 245 2374 certe
264 2336 478 2373 Aristoteles
496 2336 540 2372 de
559 2335 767 2386 Republica
793 2335 976 2380 differens,
996 2336 1274 2374 Democratiam
1296 2335 1370 2373 fere
1388 2341 1425 2373 et
1443 2334 1529 2373 Oli-

149 2402 340 2453 garchiam
374 2401 463 2438 solet
494 2413 798 2446 commemorare,
836 2407 880 2438 ut
911 2414 1143 2440 communes,
1197 2401 1378 2439 Recenset
1407 2400 1532 2451 postea

148 2467 270 2504 varias
297 2466 438 2506 civium
466 2465 614 2516 species,
634 2478 778 2515 pueros,
806 2466 916 2510 viros,
941 2466 1146 2511 libertinos,
1165 2466 1328 2518 opifices,
1349 2473 1531 2503 mercato-

150 2543 219 2576 κε,
251 2529 443 2581 perfeeto&
474 2529 722 2580 imperfeetos,
752 2537 873 2574 natos,
905 2530 1083 2568 fastitios.
1138 2531 1292 2576 Statuit,
1325 2544 1413 2568 eum
1449 2543 1530 2568 vere
1542 2529 1622 2579 §ap-
1642 2528 1747 2561 1.lib.

150 2595 271 2635 civem
289 2595 370 2642 effe,
389 2595 452 2633 cui
473 2596 627 2632 honores
644 2595 983 2640 communicantur,
1001 2602 1045 2633 ut
1064 2594 1184 2646 supra.
1543 2583 1588 2605 '¹¹'

668 2701 733 2741 Ad
753 2704 840 2756 Cap.
846 2670 1002 2754 sax-tum.

205 2789 267 2829 De
291 2790 538 2842 Reipublicae‚
561 2803 675 2841 quam
706 2793 879 2829 πολιτείαν
907 2797 1027 2836 vocat,
1046 2790 1243 2841 generibus
1262 2795 1300 2828 et
1317 2789 1447 2829 formis
1474 2791 1533 2828 di-

152 2854 294 2903 ὀὶιιωε,
310 2855 441 2896 definit
458 2856 583 2908 primo
602 2855 719 2906 ipsam
738 2855 1042 2907 Rempublicam,
1061 2855 1229 2894 ordinem
1248 2855 1426 2902 civitatis,
1443 2869 1531 2894 cum

814 2933 836 2958 c
