1904 3308
470 213 544 250 xcii
848 215 1093 255 SYNOPSIS
1119 207 1439 252 ANALYTICA

468 320 588 369 mium
607 322 787 372 occupari.
841 323 879 360 Si
898 322 1009 360 foetus
1029 322 1195 360 nascatur
1213 320 1472 371 imperfectior,
1491 332 1575 357 eum
1594 320 1674 358 tolli
1691 318 1817 356 debere

260 390 431 439 ErrortAri-
469 396 511 420 ac
529 384 698 435 relinqui.
753 386 829 423 Lex
847 387 931 429 esto,
950 386 1086 435 inquit,
1107 384 1203 434 μηδὲν
1223 386 1442 436 πεπηρωμένον
1466 385 1603 434 τςῖφειν.
1659 382 1771 420 Quod
1789 381 1814 418 sl

260 433 374 505 ξζέξῖῑξ
389 433 526 514 Ξῗο-Ιεκ
545 453 640 485 vetet
657 448 791 485 foetum
810 448 957 499 exponi,
976 448 1118 484 definiri
1137 449 1262 484 debere
1281 459 1473 484 numerum
1504 445 1712 483 liberorum.
1765 444 1817 488 Et
1857 478 1861 486 ,

258 518 410 565 curando,
429 524 459 547 et
471 512 493 547 fi
515 512 633 561 plures
651 513 769 557 liberi,
788 526 900 563 quarn
921 513 977 549 lex
995 511 1100 556 ferat,
1122 512 1283 562 generari
1301 512 1516 561 contingat:
1545 509 1813 560 procurandum

258 559 430 640 ξὲἳὲἓὲζῐέή
469 574 534 612 efle
563 577 743 619 abortum,
775 574 991 624 ἐμποιεῖσθαι
1019 574 1077 615 τὴν
1109 575 1298 623 ἄμβλωσιν,
1318 581 1515 624 antequam
1534 573 1652 611 sensus
1674 579 1711 609 et
1736 573 1814 609 vita

256 644 455 684 exponenda.
470 639 512 676 fit
531 640 567 676 in
587 640 778 688 genitura:
810 640 856 676 fic
883 639 981 676 enim
1009 639 1104 676 nihil
1129 638 1191 675 fiet
1221 638 1404 688 impium:
1435 652 1551 688 neque
1568 638 1637 674 erit
1659 635 1812 673 homici-

466 702 586 747 dium,
604 702 660 740 vel
684 702 809 740 occifio
836 702 886 739 rei
913 702 1037 739 ullius.
1089 702 1157 739 Sed
1184 702 1261 738 haec
1284 701 1487 739 Aristotelis
1514 699 1703 744 sententia,
1721 698 1816 742 Deo,

466 772 622 810 naturae,
640 772 676 802 et
703 766 844 815 legibus
871 771 1062 815 repugnat.
1117 765 1252 803 Sumus
1278 764 1419 802 domini
1438 765 1596 802 absolute
1614 770 1650 801 et
1668 775 1731 813 per
1747 774 1813 799 na-

465 834 602 873 turam,
621 841 694 865 non
724 829 916 865 hominum
937 828 1020 876 (nisi
1047 828 1242 866 secundum
1261 812 1377 878 ςυίἀ).
1388 828 1446 865 sed
1468 829 1676 878 plantarum
1695 833 1730 863 et
1749 826 1810 862 be-

465 889 639 936 fiiarum3
669 903 779 940 quare
807 890 890 927 licet
919 890 1066 939 quidem
1095 898 1284 940 amputare
1310 898 1346 927 et
1373 904 1518 927 exurere
1543 890 1679 939 stirpes,
1697 894 1733 925 et
1751 900 1810 925 ca-

465 953 561 990 tulos
587 953 721 990 nimios
749 952 913 1003 abjicere,
932 954 988 991 sed
1015 967 1088 990 non
1116 954 1308 1000 homines,
1338 967 1494 1003 quorum
1514 953 1607 990 solus
1626 953 1727 990 Deus
1746 952 1825 988 ab«

463 1015 578 1053 solute
594 1017 764 1054 dominus
789 1017 848 1054 est.
904 1018 1040 1055 Statuit
1066 1017 1198 1067 postea,
1220 1018 1380 1054 Seniores
1407 1017 1678 1067 quinquaginta
1704 1015 1810 1053 annis

464 1081 521 1117 vel
549 1088 572 1131 5
577 1090 613 1131 5.
645 1094 719 1118 non
750 1082 875 1118 debere
910 1093 1034 1118 vacare
1069 1081 1281 1130 tecnopoeiae
1315 1082 1384 1118 five
1418 1080 1653 1130 generationi.
1708 1079 1810 1115 Quia

464 1143 552 1181 hinc
595 1143 706 1182 foetus
744 1144 942 1182 nascuntur
977 1139 1272 1195 imperfeffiores.
1326 1144 1554 1194 Quanquam
1591 1142 1809 1181 valetudinis

464 1206 596 1256 gratia,
613 1214 677 1244 aut
706 1207 817 1244 aliam
848 1208 895 1244 ob
924 1207 1082 1252 causam,
1101 1207 1222 1244 veneri
1246 1207 1357 1244 etiam
1388 1207 1528 1256 reliquo
1557 1213 1731 1257 tempore,
1752 1206 1808 1252 in-

464 1271 560 1322 quit,
580 1271 686 1308 liceat
713 1271 923 1321 indulgere;
952 1279 1042 1322 puta
1059 1277 1100 1308 ut
1117 1284 1188 1320 pax
1213 1270 1365 1308 familiae
1391 1272 1433 1308 fit
1460 1269 1587 1319 major.
1641 1270 1727 1307 Ideo
1745 1270 1808 1307 So-

462 1333 525 1371 lon
544 1334 680 1371 trinam
709 1334 747 1370 in
775 1334 893 1371 mense
917 1347 1082 1371 venerem
1101 1334 1179 1384 lege
1198 1333 1329 1378 sanxit,
1349 1340 1391 1371 ut
1408 1340 1513 1371 notat
1540 1333 1741 1376 Vif’torius‚
1772 1339 1808 1369 et

463 1399 488 1435 fi
515 1398 679 1448 negligas
706 1398 872 1435 uxoriam
899 1400 1047 1447 ὁμιλίαι,
1065 1410 1157 1435 uxor
1183 1398 1344 1447 negliget
1370 1403 1417 1435 te.
1440 1396 1639 1434 Concludit
1658 1396 1809 1434 inhone-

252 1473 454 1506 puniendum
464 1462 558 1499 stum
577 1461 643 1499 effe
666 1474 707 1499 ac
734 1461 906 1500 illicitum
933 1462 1165 1504 adulterium,
1184 1468 1220 1498 et
1248 1474 1359 1512 poena
1384 1467 1494 1511 atque
1521 1460 1676 1498 infamia
1703 1459 1808 1497 casti-

252 1516 453 1549 adulterium.
463 1526 640 1575 gaudum·

870 1631 934 1669 Ad
952 1631 1037 1682 Cap.
1057 1630 1397 1683 decimumfiptimum.

251 1726 333 1766 Lege
347 1735 376 1757 c.
393 1734 423 1767 5.
516 1717 664 1754 Liberos
684 1730 803 1754 recens
821 1723 926 1754 natos
953 1716 1045 1754 laete
1063 1716 1274 1753 nutriendos
1300 1715 1364 1753 effe
1390 1714 1526 1759 statuit,
1545 1714 1596 1752 ita
1614 1719 1737 1751 tamen
1764 1719 1806 1751 ut

248 1769 587 1842 ἓξῑῆἰὲὸῖϋᾛυῐτίκ
614 1782 701 1819 vino
727 1781 914 1825 abstineat,
935 1781 1032 1830 quod
1057 1786 1100 1817 ut
1124 1780 1180 1817 lac
1209 1779 1348 1824 senum,
1367 1780 1412 1816 fic
1430 1785 1468 1816 et
1486 1790 1680 1829 puerorum
1699 1790 1807 1814 vene-

249 1854 392 1886 Animal.
413 1834 422 1843 ⁰
460 1857 552 1882 num
571 1845 633 1882 est.
689 1846 783 1882 Item
810 1844 875 1882 effe
903 1851 1006 1881 motu
1033 1844 1158 1881 leviter
1184 1843 1381 1893 leniterque
1399 1842 1623 1886 exercendos,
1643 1854 1664 1878 a
1681 1841 1808 1879 distor-
1847 1882 1849 1886 χ

459 1909 558 1946 tione
577 1909 822 1946 membromm
842 1907 1061 1944 machinalis
1083 1907 1336 1957 prohibendos,
1355 1906 1482 1956 frigori
1501 1904 1776 1942 affuefaciendos
1794 1919 1802 1942 :

249 1969 426 2020 ‚Gemaf‘ss
460 1973 519 2010 sic
550 1974 720 2010 barbaros
747 1970 853 2009 solere
882 1972 1038 2008 infantes
1065 1970 1268 2021 primulum
1297 1975 1400 2007 natos
1428 1970 1466 2006 in
1492 1968 1630 2006 fiumen
1656 1968 1805 2005 immer-

247 2012 398 2095 megs&
459 2049 564 2086 gere;
592 2041 629 2073 et
653 2035 780 2074 Gallos
806 2035 928 2073 Celtas
954 2034 1149 2072 levioribus
1176 2033 1308 2083 pannis
1329 2033 1410 2070 suos
1437 2033 1605 2084 puerulos
1633 2032 1805 2081 integere,

248 2107 357 2128 ‘ecem
372 2108 428 2128 Μὶ-
459 2100 505 2137 ad
523 2101 643 2137 robur.
695 2100 746 2136 Et
765 2100 844 2136 haec
861 2099 907 2136 ad
926 2111 1065 2135 annum
1094 2097 1207 2147 usque
1229 2097 1378 2134 tertium
1394 2110 1403 2135 t
1434 2110 1456 2134 a
1474 2109 1547 2146 quo
1565 2097 1609 2133 ad
1630 2096 1804 2145 quintum

247 2140 426 2214 meli-5¹¹⁰
457 2164 570 2215 usque
595 2176 726 2214 pueros
751 2163 963 2199 exercendos
993 2161 1189 2199 lusionibus
1218 2160 1385 2205 honestis,
1403 2159 1584 2209 ingenuis,
1604 2172 1678 2195 non
1703 2159 1805 2195 labo-

248 2232 340 2265 ssunt.
458 2226 554 2264 riofis
575 2239 639 2264 nec
659 2225 923 2270 remiffioribus,
942 2225 1017 2262 imo
1036 2237 1102 2261 nec
1121 2224 1246 2262 studiis
1265 2229 1328 2262 aut
1345 2222 1556 2273 disciplinis,
1575 2222 1708 2272 quibus
1735 2221 1804 2258 sci-

456 2290 542 2327 licet
567 2291 725 2340 corporis
753 2290 1018 2327 incrementum
1042 2287 1288 2338 prohibeatur.
1342 2286 1494 2324 Interim
1513 2286 1643 2336 lepidis
1661 2285 1718 2322 sed
1738 2287 1803 2322 ho-

456 2354 563 2393 nestis
589 2360 627 2392 et
648 2354 802 2392 utilibus
820 2353 960 2390 fabellis
981 2352 1046 2390 effe
1064 2365 1084 2388 a
1103 2351 1327 2402 paedonomis
1354 2350 1570 2388 retinendos.
1623 2350 1712 2387 Non
1741 2350 1804 2386 de-

246 2431 375 2464 elamof
389 2437 420 2463 ς.
455 2419 539 2455 bere
567 2417 735 2468 impediri
766 2430 895 2468 pueros
922 2429 944 2453 a
970 2415 1203 2460 clamoribus,
1228 2421 1263 2451 et
1292 2414 1460 2464 ploratu:
1491 2413 1547 2450 his
1575 2413 1674 2449 enim
1702 2413 1803 2462 quafi

246 2474 386 2547 9¹⁰}mus
456 2482 790 2530 exercitationibus,
820 2493 972 2531 corpora
1001 2478 1200 2528 augescere,
1227 2491 1312 2515 cum
1342 2477 1488 2528 spiritus
1517 2477 1668 2514 retentio
1695 2477 1804 2515 robur

244 2524 374 2601 32·th
455 2547 576 2584 addat.
629 2546 669 2583 A
697 2545 878 2583 servorum
912 2543 1168 2582 consuetudine
1200 2542 1446 2586 removendos,
1481 2541 1581 2579 domi
1614 2540 1727 2590 usque
1757 2541 1803 2577 ad

453 2610 682 2660 septennium
714 2609 873 2653 alendos,
902 2615 939 2644 et
969 2620 990 2644 a
1017 2606 1184 2656 turpibus
1210 2605 1436 2656 spectaculis,
1455 2604 1640 2654 verbisque
1666 2603 1802 2640 obscoe-

454 2675 525 2718 nis,
561 2681 651 2711 tunc
686 2673 847 2710 maxime
882 2671 1095 2709 avocandos.
1148 2669 1259 2707 Facta
1300 2669 1400 2706 enim
1444 2659 1560 2705 {zerbis
1605 2668 1803 2707 succedere.

454 2737 568 2777 Quod
594 2737 619 2774 fi
637 2736 712 2787 ,qui
735 2742 861 2773 contra
889 2735 982 2785 leges
1010 2733 1251 2784 peccaverint,
1278 2732 1500 2782 castigandos
1528 2732 1606 2769 effe.
1660 2731 1820 2768 Debere*

453 2800 599 2846 statuas,
616 2798 793 2854 picturas,
811 2798 953 2836 sabulos
980 2803 1016 2836 et
1043 2796 1246 2835 comoediaa
1269 2802 1392 2847 turpes
1412 2804 1454 2832 ac
1471 2794 1649 2833 deformes
1675 2794 1798 2845 prohi-
