1904 3308
480 205 554 230 xxx
859 198 1103 238 SYNOPSIS
1128 192 1449 241 ANALY‘mc‘A

741 363 897 431 LIBER
923 394 1149 433 TERTms
1177 395 1559 435 PoLiTICORUM.

475 461 827 549 HABETjuxta
855 501 1065 550 praesentem
1096 503 1306 547 editionem,
1338 503 1459 553 capita
1489 503 1701 548 oetodecim,
1735 503 1819 542 licet'

450 562 674 606 ‘Perionius‚
693 563 817 608 Casus,
845 571 881 601 et
911 565 1122 615 Giphanius*
1144 567 1335 603 duodecim
1364 573 1508 604 tantum
1538 568 1750 611 recenseant,
1779 569 1819 605 in

261 1329 296 1365 ρι’
305 1330 449 1362 πολιτεία.

259 1913 341 1944 Quis
355 1922 425 1952 pro-

260 1965 325 1996 pne
335 1965 428 1996 (εινις.

260 2299 341 2330 Quis
353 2299 460 2332 Eccle-

259 2342 370 2374 fiastcs.

475 626 608 674 quibus
627 641 670 663 ex
690 628 837 677 proprio
855 628 953 665 sensu
982 629 1115 666 differit
1134 630 1340 667 Aristoteles
1366 631 1408 667 de
1438 630 1642 680 Republica
1659 639 1694 668 et
1713 633 1816 670 Civi-

476 695 572 726 tate:
603 690 707 740 cujus
725 698 843 740 partes
862 692 953 729 libro
971 693 1105 742 primo,
1126 694 1260 730 formas
1280 701 1400 730 autern
1428 695 1497 731 five
1525 695 1689 732 instituta
1707 696 1818 739 varia,

473 767 518 790 ex
539 754 647 790 variis
676 754 917 804 legissatorum
950 756 1045 792 scitis
1072 756 1165 792 libro
1193 756 1344 793 secundo
1368 757 1571 804 enarravit3
1601 760 1816 808 reprehensis

474 816 519 852 iis
547 830 630 865 quae
656 818 768 866 digna
795 819 1062 867 reprehensione
1092 819 1327 856 videbantur:
1369 821 1463 869 Agit
1490 821 1604 870 igitur
1625 823 1692 859 hoc
1711 823 1818 860 tertio

473 881 566 917 libro
582 882 625 918 de
643 882 732 924 cive,
749 890 783 919 et
803 882 949 919 civitate
965 899 976 928 ;
1004 883 1048 919 de
1066 883 1198 920 virtute
1216 883 1318 927 civis,
1335 891 1370 920 et
1390 885 1459 921 viri
1478 885 1563 921 boni
1577 902 1586 931 3
1615 887 1659 922 de
1677 887 1817 935 generi-

472 946 541 981 bus
559 947 935 995 rerumpublicarum3
965 947 1008 984 de
1028 948 1321 997 magistratibus;
1349 949 1393 985 de
1420 961 1531 998 regno
1557 956 1593 985 et
1617 950 1816 986 Aristocra-

472 1009 536 1060 tiq.
593 1011 660 1047 Sed
685 1011 823 1059 fingula
850 1023 980 1059 genera
1007 1012 1356 1062 rerumpublicarum
1375 1013 1498 1049 ordine
1516 1013 1753 1063 persequitur,
1772 1014 1817 1051 ad

472 1072 606 1110 librum
628 1073 738 1123 usque
756 1074 967 1124 septimum.

973 1180 1036 1219 Ad
1055 1180 1141 1233 Cap.
1154 1182 1315 1233 primum.

523 1264 640 1302 Docet
659 1264 779 1315 primo
809 1278 955 1302 omnem
988 1265 1131 1302 Politici
1157 1272 1193 1302 et
1219 1265 1429 1315 legissatoris
1453 1278 1577 1304 curam
1605 1267 1643 1304 in
1670 1260 1818 1306 civitate

472 1328 537 1365 effe
556 1330 720 1379 positam.
774 1330 950 1374 Secundo,
970 1331 1150 1372 πολιτείαν,
1170 1330 1207 1366 id
1231 1330 1279 1366 est
1298 1330 1575 1379 Rempubiicam
1597 1330 1662 1368 effe
1680 1337 1740 1369 τῶν
1758 1331 1816 1373 τὴν

472 1394 566 1430 πόλιν
585 1393 745 1430 οἷκοῦντωυ
762 1393 859 1438 τάξιν
877 1394 965 1431 τινά.
1020 1393 1198 1431 Ordinem
1227 1394 1422 1442 quemdam
1444 1406 1584 1437 eorum,
1602 1394 1668 1443 qui
1687 1395 1815 1431 civita·

469 1462 546 1498 tem
575 1456 751 1494 incolunt.
805 1457 944 1501 Tertio,
972 1455 1030 1498 τὴν
1059 1459 1167 1501 πόλιν,
1196 1457 1381 1494 civitatem
1409 1470 1453 1493 ex
1479 1458 1568 1499 cive,
1590 1459 1653 1507 qui
1682 1460 1819 1503 πολίτης

471 1521 616 1565 dicitur,
635 1528 677 1559 ut
695 1535 738 1558 ex
757 1529 857 1571 parte
875 1528 1008 1566 totum,
1028 1518 1153 1559 debere
1172 1522 1360 1571 cognosci;
1388 1535 1472 1559 curn
1498 1522 1625 1560 civitas
1651 1524 1693 1559 fit
1723 1534 1820 1561 πολιε

470 1590 534 1624 τῶν
564 1583 706 1627 πλῆθος,
736 1586 874 1622 civium
907 1586 1116 1623 multitudo.
1169 1586 1379 1623 Videndum
1412 1586 1529 1636 igitur
1557 1586 1622 1623 effe
1654 1587 1743 1636 quid
1774 1588 1817 1624 fit
1840 1587 1842 1591 ’

469 1649 560 1686 civis
589 1649 811 1699 simpliciter,
830 1650 987 1699 proprie,
1016 1650 1074 1687 καὶ
1103 1653 1229 1693 ἁπλῶς.
1284 1650 1377 1687 Sunt
1401 1642 1499 1687 enirn
1528 1651 1622 1687 cives
1649 1650 1817 1690 nonnulli
1841 1669 1843 1671 ·

470 1714 630 1761 quadam
650 1714 803 1758 ratione,
824 1718 903 1756 πῶς,
922 1720 965 1750 ut
983 1714 1048 1763 qui
1065 1713 1211 1750 civitate
1237 1715 1421 1751 donantur
1445 1721 1491 1750 et·
1508 1714 1648 1756 ποιηταὶ,
1668 1714 1736 1750 five
1760 1713 1818 1756 3„-

468 1777 654 1824 μοποιητοὶ,
673 1777 807 1814 ῑειὲὶίῐίὶ
825 1778 1053 1822 vocitantur3
1083 1777 1171 1814 item
1199 1778 1316 1827 pueri,
1336 1785 1371 1814 et
1389 1778 1485 1814 senes
1504 1778 1700 1827 depomani
1725 1791 1818 1826 quos
1841 1797 1843 1799 v

468 1847 575 1878 vocat
602 1844 808 1890 ἀφειμένους,
835 1842 872 1879 id
900 1841 949 1878 est
975 1841 1146 1885 dimissos,
1179 1848 1215 1878 et
1244 1842 1455 1879 muneribus
1480 1841 1640 1891 *publicis
1673 1841 1841 1886 solutos,

471 1905 530 1945 καὶ
559 1908 838 1957 παρηκμακότας,
856 1906 1008 1943 effoetos.
1061 1905 1164 1942 Civis
1190 1917 1274 1955 ergo
1301 1910 1428 1948 ἁπλῶς,
1446 1912 1482 1942 et
1501 1905 1564 1954 qui
1583 1905 1666 1941 talis
1685 1906 1732 1941 est
1748 1913 1819 1954 op*-

470 1968 672 2018 timojure,
689 1970 831 2019 optima
853 1970 944 2019 lege,
962 1970 992 2006 is
1010 1969 1145 2006 dicitur
1163 1970 1227 2018 qui
1246 1982 1317 2005 non
1336 1961 1485 2018 quidern
1513 1967 1669 2017 ejusdem
1697 1969 1826 2005 domi-⁴

469 2033 558 2077 cilii,
580 2034 636 2070 sed
659 2032 790 2082 judicii
810 2034 936 2078 etiam,
956 2034 1236 2082 magistratuum
1255 2040 1290 2070 et
1309 2033 1545 2082 imperiorum
1562 2033 1610 2069 est
1624 2033 1820 2082 particeps,

469 2098 546 2135 Ubi
574 2098 706 2135 dividit
734 2099 986 2146 magistratum
1015 2098 1053 2134 in
1080 2097 1227 2134 finitum
1255 2099 1323 2134 five
1350 2104 1645 2147 temporaneum,
1658 2103 1700 2133 ut
1727 2097 1818 2133 olim

469 2169 570 2199 erant
590 2175 715 2201 omnes
734 2163 862 2199 Romae
881 2162 1124 2211 magistratus,
1143 2162 1207 2211 qui
1225 2167 1322 2198 certo
1339 2166 1502 2210 tempore·
1525 2159 1789 2197 definiebantur
1804 2175 1818 2203 ς

470 2234 507 2267 et
534 2226 720 2264 infinitum
741 2228 812 2263 five
832 2233 1062 2276 perpetuum,
1082 2235 1123 2262 ut
1141 2232 1243 2262 erant
1260 2226 1356 2275 apud
1374 2225 1521 2263 Graecos
1544 2224 1656 2274 judex
1673 2232 1709 2262 et
1729 2238 1817 2262 con-

471 2292 646 2335 cionator,
665 2292 735 2328 five
754 2290 1008 2333 ἐκκλησιαστῆς.
1061 2291 1149 2327 Erat
1176 2296 1297 2327 autem
1316 2289 1523 2326 ecclesiastes
1542 2290 1571 2326 is
1592 2290 1656 2338 qui
1670 2288 1817 2338 jus'ha-

471 2357 577 2393 bebat
593 2355 813 2393 deliberandi
842 2363 878 2391 et
905 2354 1118 2391 sententiam
1138 2354 1280 2390 dicendi
1309 2354 1346 2390 in
1374 2351 1558 2398 concione,
1577 2353 1620 2389 de
1640 2354 1742 2389 rebus
1761 2352 1819 2389 fa-

468 2420 618 2464 ciendis,
634 2420 690 2456 vel
710 2433 783 2456 non
802 2419 988 2462 faciendis,
1004 2419 1072 2454 five
1090 2431 1164 2454 uno
1183 2419 1290 2454 verbo
1307 2418 1351 2454 de
1369 2417 1501 2454 suturis
1517 2434 1528 2464 3
1557 2417 1601 2453 de
1627 2417 1819 2466 praeteritis

468 2485 568 2521 enim
587 2484 793 2522 Ecclefiasta
811 2496 885 2520 non
905 2483 1096 2526 statuebat,
1116 2481 1171 2518 sed
1199 2481 1292 2518 solus
1317 2478 1491 2524 δίκαστὸς,
1505 2476 1631 2529 ju'dex,
1649 2488 1691 2517 ut
1712 2475 1819 2518 nota-

468 2548 524 2585 vit
543 2547 616 2598 ipse
635 2548 785 2584 Aristot.
804 2547 868 2584 lib.
891 2546 915 2583 i.
945 2547 1093 2583 Rhetor.
1148 2546 1214 2583 Sed
1235 2558 1319 2581 cum
1341 2545 1436 2581 cives
1455 2545 1544 2581 varii
1563 2545 1644 2581 fint.
1658 2557 1726 2593 pro
1754 2557 1820 2581 va-

469 2612 595 2649 rietate
614 2610 976 2660 rerumpublicarum,
991 2608 1219 2659 Respublicae
1235 2614 1354 2645 autem
1371 2607 1422 2645 ita
1440 2607 1608 2645 differant
1634 2606 1759 2656 specie,
1777 2612 1821 2644 ut

470 2674 552 2710 aliae
569 2675 638 2711 fint
657 2674 803 2724 priores,
822 2673 902 2709 aliae
920 2672 1140 2722 posterioreS,
1159 2671 1266 2709 re6tae
1283 2672 1382 2708 enim
1400 2666 1695 2720 vitiofis'priores
1720 2669 1817 2714 sunt,

469 2742 513 2774 ut
529 2749 682 2786 regnum
709 2736 902 2786 tyrannide
920 2751 928 2772 :
961 2734 1122 2785 profe&o
1141 2735 1203 2772 alii
1221 2741 1327 2777 erunt
1346 2734 1383 2771 in
1403 2734 1474 2771 alia
1493 2733 1694 2784 Republica
1711 2733 1821 2776 cives,

470 2813 536 2838 nec
556 2801 689 2851 poterit
708 2800 915 2838 communis
942 2798 1106 2836 definitio
1135 2799 1226 2836 civis
1255 2799 1429 2836 exhiberi.
1483 2798 1594 2836 Unde
1621 2810 1704 2847 quae
1729 2797 1822 2834 civis
