1904 3308
315 172 696 213 POLITICORUM
722 171 1084 213 ARISTOTELIS.
1112 174 1202 212 VII.
1231 185 1271 222 3.
1392 171 1497 211 lxxxi

113 284 159 322 de
186 282 440 335 Philosophica
465 285 535 322 five
562 284 866 335 contemplativa,
887 291 973 322 utra
990 285 1033 323 fit
1052 283 1318 335 praestabilior:
1350 294 1425 335 qua
1450 284 1496 322 de

114 362 152 387 re
169 349 336 387 decernet
364 350 485 400 capite
514 349 692 400 sequenti.
748 349 926 387 Posterior
945 362 1030 399 quae
1058 350 1099 386 fit
1129 350 1298 399 ponenda
1321 349 1495 386 omniurn

114 413 260 464 optima
288 414 520 466 Reipublicae
549 414 669 452 forma
697 421 734 451 et
761 414 1062 452 administratio?
1093 414 1233 451 Statuit
1250 414 1383 451 deinde
1410 427 1494 451 eam

115 477 182 516 effi:
201 479 385 529 optimam
413 480 649 530 Reipublicae
678 478 853 525 formam,
872 478 1074 517 secundum
1104 492 1217 529 quam
1244 479 1496 530 unusquisque

115 544 258 594 optime
276 552 375 595 agat,
395 546 571 595 beateque
590 544 707 583 vivat.
761 545 829 582 Sed
856 545 1136 582 controversiam
1164 543 1232 582 effe
1259 543 1312 582 ait
1340 551 1426 581 utra
1453 545 1497 582 fit

116 608 196 646 vita
228 610 348 660 magis
377 610 591 660 expetenda,
628 609 839 660 practicane
865 617 902 647 et
929 609 1064 655 civilis,
1097 620 1144 647 an
1174 622 1258 646 vero
1283 622 1325 646 ea
1355 620 1442 659 quae
1474 623 1497 646 a

115 675 275 725 negotiis
294 674 464 712 civilibus
484 675 596 712 libem
614 675 664 712 est
683 681 719 712 et
738 674 934 719 immunis,
953 674 1165 723 diciturque
1189 673 1494 724 contemplatrix,

116 739 174 776 vel
195 738 478 790 Philosophica?
507 740 721 777 alterutram
750 739 850 777 enim
881 739 1018 790 optimi
1047 739 1187 790 quique
1213 752 1255 776 ac
1285 738 1496 789 praestantes

116 804 188 842 viri
217 804 320 855 sequi
349 803 476 842 solent.
532 804 764 855 Quanquam
794 811 831 842 et
862 805 925 842 alii
956 811 1094 856 putant
1123 804 1237 842 solam
1266 817 1349 842 eam
1378 805 1495 842 Rem-

117 868 305 919 publicam
326 869 471 906 beatam
491 869 571 914 effe,
591 883 676 920 quae
694 869 887 920 tyrannico
914 876 950 907 et
979 869 1084 907 herili
1105 869 1303 907 dominatu
1322 869 1496 907 finitimis

107 932 188 970 *five
205 933 336 971 vicinis
364 934 512 985 populis
542 934 711 985 imperet,
737 934 960 980 volentibus,
987 934 1211 972 nolentibus.
1267 936 1396 986 Atque
1425 935 1495 972 hoc

106 997 335 1036 -dominandi
354 998 427 1036 fine
455 999 638 1050 proposito
664 998 853 1050 plerasque
883 999 1124 1051 Respublicas
1142 1006 1179 1038 et
1197 1000 1365 1038 nationes
1393 1006 1490 1038 totas
1503 1008 1671 1049 Legenda·

116 1061 192 1099 fere
210 1062 256 1099 ad
277 1075 352 1099 rem
374 1062 574 1100 militarem
605 1075 647 1100 ac
673 1063 812 1100 bellum
841 1062 908 1100 effe
934 1063 1262 1114 compofitas‚imo
1279 1070 1315 1101 et
1334 1065 1491 1102 honora·
1502 1059 1698 1136 ἓὲῃῐξξὲἓζῧς

118 1125 173 1164 ria
204 1127 375 1177 quaedam
408 1127 496 1163 viris
526 1126 702 1164 bellicosis
734 1135 770 1165 et
803 1127 982 1170 strenuis;
1011 1127 1260 1178 ignominiam
1292 1134 1329 1165 et
1360 1140 1491 1179 poenas
1502 1141 1643 1171 strenuo.

119 1191 266 1241 ignayis
284 1190 462 1228 indixisse.
519 1191 587 1228 Sed
614 1193 709 1229 hanc
738 1192 909 1229 Politiam
939 1192 984 1229 de
1012 1192 1205 1243 tyrannico
1221 1193 1416 1230 dominatu
1435 1207 1491 1230 re-
1504 1190 1712 1257 ffiffi’g‘ffi·

120 1256 219 1293 futat
238 1255 464 1301 Aristoteles,
491 1263 534 1293 ut
562 1255 732 1306 injustam
749 1272 760 1302 3
790 1257 889 1307 quod
909 1255 1045 1295 scilicet
1072 1257 1248 1307 injustum
1268 1258 1311 1295 fit
1331 1259 1491 1296 nolentiu
1504 1237 1692 1310 mmffazud

120 1322 188 1358 bus
208 1321 399 1372 imperare,
418 1330 455 1358 et
474 1321 648 1358 omnibus
667 1322 853 1368 heriliter3
883 1335 969 1360 cum
998 1336 1127 1360 omnes
1155 1331 1289 1360 natura
1306 1322 1398 1361 servi
1416 1337 1490 1361 non
1502 1315 1604 1389 :rgias
1619 1323 1698 1354 gen·
1720 1368 1723 1371 ¹

118 1387 202 1431 fint,
224 1385 282 1423 sed
312 1385 478 1436 plerique
509 1393 641 1424 natura
668 1387 786 1432 liberi,
816 1388 951 1437 quibus
979 1388 1159 1438 imperare
1187 1388 1362 1434 heriliter,
1388 1389 1493 1428 nefas
1552 1381 1561 1389 ⁹

118 1450 170 1488 est
189 1457 225 1488 et
243 1458 371 1488 contra
389 1458 576 1489 naturam.
631 1452 809 1490 Praeterea
836 1453 951 1503 potest
978 1453 1124 1504 optima
1150 1453 1217 1491 effe
1236 1461 1273 1491 et
1290 1453 1492 1493 florentiffi-

121 1528 184 1553 ma
203 1514 441 1567 Respublica,
461 1530 548 1567 quae
570 1517 615 1553 de
642 1517 738 1554 bello
765 1531 839 1555 non
867 1518 1018 1568 cogitet,
1036 1527 1102 1556 aut
1118 1519 1314 1557 dominatu
1335 1520 1375 1558 in
1395 1530 1496 1559 exte·

121 1594 191 1626 ros,
210 1588 252 1619 ut
273 1581 323 1619 est
341 1594 384 1619 ea
403 1595 489 1632 quae
509 1581 711 1632 longiffime
729 1583 836 1620 distat
856 1585 903 1620 ab
923 1584 1098 1628 hostibus,
1118 1584 1268 1634 altaque
1295 1599 1384 1636 pace
1403 1585 1497 1628 frui-

114 1655 194 1686 ¹tur.
250 1649 339 1687 Non
359 1648 410 1686 est
429 1661 517 1700 ergo
534 1649 758 1700 Respublica
784 1650 848 1687 illa
866 1651 911 1688 ad
931 1651 1200 1689 dominandum
1231 1651 1423 1699 finitimis,
1439 1659 1498 1691 at-

120 1727 194 1764 que
221 1713 267 1751 ad
295 1726 372 1751 rem
402 1714 602 1752 militarem
628 1723 856 1765 comparata,
875 1716 1044 1753 omniurn
1065 1717 1211 1768 optima
1228 1722 1265 1754 et
1282 1716 1498 1756 beatiffima.

122 1777 221 1816 Esto.
276 1778 351 1815 Ars
382 1778 617 1829 studiumque
645 1779 696 1816 rei
729 1779 903 1817 militaris
936 1781 1126 1818 honestum
1157 1782 1198 1818 fit
1230 1787 1267 1819 et
1296 1782 1498 1831 laudabile,

121 1857 196 1882 non
216 1851 340 1883 tamen
360 1852 403 1882 ut
420 1844 505 1883 finis
522 1846 679 1884 ultimus
697 1846 943 1898 Reipublicae,
964 1847 1023 1886 sed
1041 1856 1084 1886 ut
1103 1850 1269 1887 medium
1293 1850 1395 1889 illius
1412 1865 1499 1902 pro-

118 1910 289 1960 tegendae
307 1909 438 1948 affumi
456 1911 561 1948 debet
580 1918 617 1949 et
636 1910 818 1963 usurpari.
873 1912 1075 1952 Concludit
1095 1914 1239 1952 Politici
1260 1922 1295 1953 et
1314 1915 1498 1967 legissato—

119 1974 170 2011 ris
190 1987 325 2012 munus
343 1974 422 2018 esse,
440 1976 562 2013 videre
589 1976 681 2026 quid
707 1976 845 2027 'cuique
871 1977 1052 2023 conferat,
1070 1979 1186 2030 fitque
1204 1981 1409 2031 optimum,
1424 1983 1499 2020 five

121 2042 222 2092 quod
241 2041 336 2079 idem
357 2041 422 2088 est,
442 2041 581 2080 civium
601 2043 869 2082 beatitudinem
887 2044 1038 2096 scopum
1059 2046 1127 2084 effe
1146 2046 1319 2086 Politici.'
1368 2059 1375 2081 ¹

638 2151 702 2190 Ad
722 2152 808 2204 Cap.
827 2153 978 2195 tertium.

175 2237 430 2275 Quaestionem
445 2239 490 2276 de
504 2239 779 2289 comparatione
797 2240 884 2279 vitae
899 2239 1036 2279 Civilis
1053 2247 1091 2280 et
1109 2242 1377 2295 Philosophicae
1390 2244 1498 2296 supe—

121 2302 208 2339 riori
227 2303 349 2354 capite
367 2304 592 2354 propositam
611 2304 755 2342 dirimit
772 2312 809 2342 et
828 2306 1002 2357 explicat.
1058 2308 1126 2346 Sed
1154 2308 1321 2360 primum
1341 2310 1496 2360 exponit

119 2365 280 2404 rationes
315 2380 385 2418 pro
416 2373 600 2418 utraque:
634 2381 705 2419 pro
734 2369 989 2421 philosophica
1021 2372 1202 2422 quidem:
1233 2374 1358 2411 Aiunt
1392 2375 1493 2413 enim
1506 2377 1586 2409 Utm
1600 2377 1709 2409 excel·

118 2435 346 2487 Philosophi,
373 2437 490 2475 vitam
519 2437 666 2476 civilem
696 2438 761 2476 effe
790 2439 969 2484 servilem,
989 2454 1064 2479 non
1093 2442 1208 2480 libero
1236 2444 1388 2482 homine
1410 2421 1716 2503 dig—iffssifigji‘

117 2514 233 2539 nam:
264 2501 355 2552 quia
384 2503 450 2553 qui
478 2502 654 2553 praesunt,
687 2503 772 2542 sunt
798 2505 967 2543 domini:
998 2507 1065 2557 qui
1092 2515 1236 2559 parent,
1263 2509 1369 2549 servi.
1424 2509 1703 2558 PromJ’hilOsO·

116 2567 219 2605 civili
237 2574 386 2605 autem:
418 2568 524 2606 aiunt
551 2568 691 2619 quippe
717 2569 862 2608 Politici
889 2572 1025 2610 bonam
1055 2572 1252 2619 atstionem,
1272 2575 1344 2612 five
1362 2553 1611 2631 αὔῃσι-ψῃ

115 2634 210 2680 γίαι,
230 2631 328 2670 idem
359 2631 427 2671 effe
452 2646 539 2671 cum
570 2633 717 2684 optima
746 2642 783 2672 et
809 2637 917 2674 beata
944 2637 1048 2676 vita:
1079 2638 1180 2690 Ergo
1207 2639 1374 2690 quisquis
1401 2642 1499 2680 nibil

118 2702 219 2746 aget,
237 2703 281 2734 ut
300 2696 557 2748 Philosophus,
577 2698 644 2749 qui
671 2698 806 2737 otiosus
826 2700 889 2747 est,
909 2707 946 2739 et
964 2702 1029 2740 soli
1049 2710 1155 2741 vacat
1175 2706 1499 2757 contemplationi,

119 2759 150 2797 is
169 2773 244 2797 non
265 2760 335 2798 erit
350 2762 503 2808 beatus,
534 2762 592 2799 vel
611 2763 712 2813 quod
731 2763 828 2802 idem
847 2765 911 2811 est,
931 2767 1116 2817 optimam
1132 2768 1250 2806 vitam
1279 2782 1354 2808 non
1383 2779 1467 2822 aget
1486 2787 1495 2809 ε

119 2826 248 2875 Atque
267 2825 356 2864 adeo
373 2827 452 2865 vita
471 2827 592 2865 civilis
613 2828 743 2867 melior
769 2834 807 2868 et
833 2830 973 2870 beatior
999 2832 1070 2870 erit
1095 2833 1360 2886 Philosophica.
1414 2836 1500 2874 Ha-

761 2892 783 2930 f
