1846 3250
401 192 785 247 romncomm
811 191 1176 242 Amsro‘mus
1205 189 1238 230 1.
1268 199 1306 243 5-
1489 188 1546 229 vu

148 327 300 374 partem
322 320 470 365 domus,
487 333 576 358 cum
597 319 670 359 fine
687 331 727 357 κ
744 317 867 357 vivere
893 329 1007 355 nemo
1030 321 1171 367 queat3
1201 320 1314 364 atque
1341 313 1433 351 adeo
1459 329 1542 355 xm·
1555 321 1616 372 {tes
1627 321 1768 356 familia·

150 385 259 432 τοκὺι,
277 385 345 425 effe
363 391 508 436 partem
527 389 588 429 τᾶς
605 384 798 433 οἰκονομίας.
852 382 1002 422 Deinde
1019 387 1064 419 ut
1083 385 1302 418 caeterarum
1321 379 1475 424 artium,
1494 379 1542 416 fic
1553 365 1742 441 ggrffislo'a‘s

148 450 392 493 oeconomicae
422 450 492 488 effe
524 449 588 488 sua
618 449 875 488 instrumenta.
928 447 981 484 Et
1013 446 1148 484 horum
1183 444 1337 494 quidem
1370 443 1445 480 alia
1475 442 1544 480 effe

150 515 305 568 ἄψυχα,
339 516 562 561 inanimata,
594 521 638 553 ut
671 512 967 565 gubernaculum
995 510 1129 549 navis:
1160 510 1236 547 alia
1265 509 1433 559 ἔμψυχα,
1461 508 1544 546 ani-

150 588 267 626 mata,
286 588 331 620 ut
349 581 399 618 est
417 594 536 632 prorae
563 579 761 631 praefectus
780 593 790 616 ε
819 578 976 616 servum
1007 583 1134 614 autem
1151 574 1219 612 effe.
1238 587 1316 611 rem
1337 572 1545 625 poffeffam,
1602 571 1605 573 ’

149 650 283 697 κτῆμα,
301 653 339 684 et
367 645 654 685 instrumentum
681 643 908 688 animatum,
928 642 987 681 καὶ
999 644 1168 694 ὑπηρέτῃ,
1193 644 1257 679 τῦ·
1277 639 1354 691 πρὸς
1372 637 1431 680 τὴν
1451 644 1543 691 πρᾶ-

148 714 217 760 ξιι,
236 721 272 751 et
292 712 500 750 ministrum
521 724 650 749 eorum
679 724 766 761 quae
791 709 838 747 ad
866 708 1055 746 actionem
1073 714 1111 744 et
1128 706 1217 744 vitae
1237 706 1415 743 humanae
1430 703 1540 742 usum

149 779 350 829 pertinent,
371 790 445 817 non
464 790 552 827 quae
569 777 616 814 ad
633 775 865 814 effeffionem
885 771 943 815 τὴν
962 775 1106 814 ποίησιν.
1163 771 1292 809 Quare
1319 770 1464 808 servum
1485 770 1541 808 τὸν
1552 775 1587 807 τί
1599 774 1709 818 δοῦλος,

147 841 273 886 δοῦλον,
291 841 358 879 effe
377 841 508 893 ’ὄργανον
527 841 726 894 argum-mbr,
746 853 823 878 non
850 838 1033 883 ποιητικὸν,
1053 844 1097 875 ut
1116 836 1166 874 est
1182 836 1343 887 gladius,
1358 835 1513 873 dolabra
1529 851 1538 872 ε

147 907 375 958 omninoque
402 906 578 951 Domini,
611 903 670 943 sed
698 906 751 943 ita
776 914 820 942 ut
839 905 882 942 fit
899 904 1079 956 χωξιστὸι,
1101 903 1324 954 separatum,
1348 914 1425 938 non
1452 913 1542 938 con-

143 972 338 1024 junctum,
367 979 411 1011 ut
439 985 587 1010 manus.
643 971 757 1010 Unde
782 970 961 1008 definitur
987 968 1110 1007 servus
1143 968 1432 1005 instrumentum
1460 965 1544 1003 ani-

148 1046 310 1082 matum,
343 1051 469 1089 agens,
502 1045 540 1075 et
572 1038 796 1088 separatum,
829 1049 904 1073 non
934 1034 989 1073 sui
1022 1034 1082 1072 sed
1115 1033 1229 1072 alieni
1250 1032 1361 1083 juris.
1417 1031 1545 1070 Placet

145 1104 239 1143 servi
257 1104 454 1155 Apelleam
474 1101 757 1153 descriptionem
778 1107 813 1140 et
834 1100 1023 1152 picturam
1046 1100 1167 1137 obiter
1184 1105 1359 1137 attexere.
1415 1097 1545 1135 Pinxit

146 1169 339 1211 hominem
368 1181 472 1206 aures
502 1168 660 1206 afininas
689 1168 902 1212 habentem,
931 1172 974 1204 ut
1003 1164 1226 1216 significaret
1253 1163 1398 1202 servum
1417 1162 1456 1200 in
1476 1175 1544 1201 au-

147 1235 286 1273 diendo
311 1234 456 1272 domini
485 1234 637 1271 confilio
663 1233 813 1271 tardum
843 1231 911 1271 effe
937 1232 1080 1276 debere,
1103 1244 1180 1268 non
1199 1229 1369 1274 celerem,
1389 1241 1457 1266 nec
1476 1241 1544 1266 cu-

147 1299 287 1338 riosum
300 1316 312 1347 ;
343 1299 432 1336 item
453 1311 558 1336 nares
578 1298 762 1348 porcinas,
780 1303 825 1336 ut
843 1297 1080 1347 diligentiam
1109 1296 1146 1334 in
1168 1294 1358 1333 sentiendo
1384 1301 1422 1331 et
1449 1292 1545 1331 olfa-

145 1365 277 1404 ciendo
303 1364 448 1405 domini
476 1364 675 1401 commodo
702 1363 924 1414 exprimeret
938 1379 950 1410 3
982 1375 1116 1400 manus
1145 1361 1259 1399 etiam
1283 1360 1390 1398 omni
1410 1371 1544 1410 genere

145 1431 476 1473 instrumentorum
506 1429 670 1475 refertas,
696 1436 740 1468 ut
767 1429 1003 1467 ministrandi
1025 1428 1199 1466 animum
1228 1427 1276 1465 ad
1304 1426 1435 1465 omnia
1454 1424 1538 1463 offi-

146 1497 206 1538 ,cia
236 1502 488 1548 praeparatum
505 1511 517 1543 3
556 1503 722 1533 ventrem
759 1495 1018 1540 macilentum,
1054 1500 1098 1532 ut
1131 1494 1220 1532 vitae
1251 1492 1541 1543 frugalitatem;

147 1562 256 1612 pedes
283 1561 465 1607 cervinos,
483 1568 527 1599 ut
545 1560 771 1598 celeritatem
800 1567 838 1598 et
864 1560 1074 1610 agilitatem
1101 1558 1266 1610 corporis
1294 1558 1341 1596 ad
1369 1563 1544 1609 prompte

146 1627 435 1677 exequendum3
466 1626 565 1663 labia
586 1625 673 1663 seris
691 1626 836 1663 duabus
864 1624 988 1664 clausa
1014 1630 1052 1663 et
1077 1624 1284 1675 obfignata,
1304 1627 1349 1661 ut
1365 1620 1478 1660 fidem
1506 1627 1546 1660 et

145 1692 447 1731 taciturnitatem
468 1690 757 1743 repraesentaret.

661 1797 726 1836 Ad
743 1798 832 1850 Cap.
851 1799 1024 1850 quintum.

204 1885 344 1924 Statuit
361 1886 428 1924 effe
447 1885 659 1923 servitutem
685 1886 892 1924 naturalem
909 1902 920 1932 3
951 1887 1022 1923 five
1041 1885 1142 1936 quod
1161 1884 1260 1925 idem
1279 1884 1342 1929 est,
1361 1883 1539 1935 quosdam
1553 1896 1605 1927 Est
1618 1906 1692 1936 φη,

151 1950 319 1988 homines
337 1950 404 1988 effe
420 1957 554 1987 natura
573 1949 690 1987 servos
703 1967 714 1998 3
746 1958 790 1987 ut
809 1957 844 1987 et
864 1950 1041 2000 quosdam
1063 1957 1197 1988 natura
1215 1950 1348 1987 liberos
1365 1957 1404 1987 et
1419 1949 1541 1987 domi·
1553 1941 1630 1971 dam
1646 1947 1743 1971 nam·

149 2028 242 2053 nos:
272 2015 500 2066 probationis
520 2014 681 2052 formula
708 2015 769 2053 est.
826 2016 927 2053 Quae
953 2029 998 2053 ex
1028 2016 1158 2053 multis
1177 2015 1346 2066 partibus
1374 2014 1542 2053 confiant
1554 1983 1626 2059 {3¹2ss
1642 1984 1736 2018 sem*

148 2082 359 2134 conjunctis
391 2085 448 2122 vel
476 2084 612 2130 divifis‚
646 2084 685 2122 in
717 2084 763 2122 iis
787 2084 837 2122 est
864 2098 983 2122 unum
1013 2085 1118 2134 quid,
1147 2085 1247 2135 quod
1276 2097 1341 2135 per
1367 2091 1545 2121 naturam

149 2148 326 2199 imperat,
345 2155 381 2187 et
399 2149 557 2187 alterum
577 2150 677 2200 quod
695 2156 812 2200 paret.
866 2150 986 2200 Atqui
1014 2150 1212 2187 hominum
1234 2149 1384 2186 societas
1404 2149 1546 2186 constat

150 2214 282 2252 multis
300 2215 468 2265 partibus
485 2215 623 2259 divifis,
644 2214 682 2252 id
701 2215 751 2252 est
769 2215 916 2253 diversis
936 2214 1122 2266 personis:
1153 2228 1242 2265 ergo
1269 2215 1309 2252 in
1339 2214 1542 2252 hominum

144 2275 316 2317 societate
343 2280 413 2317 erit
445 2293 567 2317 unum
598 2279 703 2330 quid,
735 2280 834 2330 quod
865 2280 1025 2331 imperet
1042 2297 1051 2326 3
1083 2281 1243 2318 alterum
1274 2280 1374 2330 quod
1402 2286 1544 2330 pareat·

147 2344 218 2382 Sed
250 2353 336 2382 ante
367 2345 624 2396 probationem
659 2343 812 2395 majoris
844 2354 1010 2396 quatuor
1040 2346 1292 2383 Theoremata
1325 2345 1541 2396 praemittit.

152 2419 187 2447 1.
208 2409 395 2460 Imperare
413 2416 450 2446 et
470 2422 594 2459 parere
622 2408 689 2447 effe
717 2409 955 2448 necessarium
987 2417 1023 2448 et
1050 2412 1155 2449 utile.
1214 2423 1251 2448 2.
1274 2411 1464 2448 Quaedam
1492 2411 1540 2448 ad
1551 2414 1691 2455 Infignia

148 2472 424 2523 imperandum,
444 2475 616 2524 quaedam
638 2475 684 2512 ad
703 2476 911 2526 parendum
940 2483 1029 2513 nata
1046 2476 1126 2520 effe,
1144 2482 1179 2513 et
1200 2489 1222 2513 a
1240 2476 1364 2526 primo
1384 2475 1439 2512 sui
1455 2482 1540 2513 ortu
1549 2458 1749 2533 3¹²⁰¹⁶¹¹²⁸‘

147 2538 196 2575 fic
235 2546 466 2589 comparata.
531 2553 569 2588 3.
599 2541 849 2590 Imperiorum
885 2541 995 2592 plura
1028 2549 1070 2579 et
1101 2541 1244 2579 diversa
1284 2541 1352 2578 effe
1389 2554 1535 2592 genera.
1586 2523 1597 2534 ⁸

147 2615 187 2651 4.
208 2603 416 2653 Imperium
436 2604 536 2642 aliud
554 2604 620 2642 effe
639 2605 713 2642 alio
734 2605 985 2656 praestantius.
1040 2607 1101 2644 Sic
1130 2607 1333 2657 imperium
1356 2606 1394 2643 in
1417 2607 1542 2644 homi-

149 2680 213 2704 nes
233 2668 393 2705 nobilius
411 2669 478 2706 effe
499 2665 655 2720 imperio
676 2670 713 2707 in
735 2670 877 2709 bestias.
931 2672 1006 2709 His
1035 2673 1160 2722 positis
1188 2673 1322 2722 probat
1345 2672 1449 2709 allati
1468 2672 1543 2723 syl-

147 2731 295 2782 logismi
318 2734 617 2784 propositionem,
635 2741 714 2772 tam
735 2735 773 2772 in
794 2737 902 2773 rebus
923 2736 1116 2781 inanimis,
1131 2750 1246 2787 quam
1264 2738 1455 2775 animatis.
1494 2738 1541 2776 In

148 2796 326 2834 inanimis
345 2798 447 2836 enim
465 2799 572 2836 docet
592 2799 792 2850 imperium
811 2801 879 2837 effe
898 2802 1174 2846 harmonicum,
1193 2816 1269 2853 quo
1292 2803 1429 2840 scilicet
1448 2817 1537 2854 par-

145 2869 200 2902 tes
227 2862 324 2902 inter
350 2863 387 2903 se
413 2865 600 2916 eleganter
624 2864 873 2913 consentiunt,
892 2867 946 2905 ita
966 2874 1009 2905 ut
1030 2868 1107 2919 ipsa
1126 2868 1264 2918 forma,
1288 2869 1486 2908 harmonia
1505 2877 1542 2907 et

812 2943 879 2979 24
