1904 3308
350 211 731 253 POLITICORUM
756 209 1108 250 ARISTOTELIS
1149 210 1220 248 IV.
1254 221 1315 248 η.
1463 207 1520 245 liii

145 324 272 376 poffit3
301 325 360 364 sed
393 339 478 376 quae
508 325 675 376 pluribus
706 323 919 361 civitatibus
949 323 1095 373 optima
1119 321 1176 364 fit,
1198 326 1235 357 et
1263 318 1522 357 accommoda·

145 389 277 427 tiffima
295 391 340 428 ad
358 404 439 427 eam
460 391 605 427 beatam
619 389 760 438 fitam,
783 401 895 439 quam
925 386 1056 438 poffint
1086 385 1183 423 cives
1207 385 1382 422 obtinere.
1438 384 1520 421 Sta·
1533 391 1668 432 Optima

1532 435 1596 466 Res
1595 435 1725 476 publio·

144 454 218 491 tuit
248 467 330 492 vero
358 468 440 492 eam
468 454 534 492 effe
564 454 850 504 Rempublicam
877 452 1078 503 optimam,
1101 463 1187 502 quae
1213 449 1357 487 civibus
1381 448 1520 487 constat
1531 479 1656 510 civibus

146 519 408 563 mediocribus,
436 520 501 570 qui
530 519 664 556 scilicet
695 519 764 556 sint
791 531 857 555 nec
888 517 1051 555 nimium
1080 528 1272 567 pauperes,
1292 527 1360 552 nec
1387 514 1521 551 divites
1532 522 1685 572 confiat.

145 584 309 622 nimium
336 585 499 634 utrique,
528 584 584 622 vel
614 583 758 634 finguli.
825 583 929 620 Quia
956 582 1074 619 virtus
1101 581 1151 618 est
1178 580 1218 618 in
1249 579 1519 624 mediocritate,
1533 566 1704 640 ffiffi'oen‘

143 662 232 701 ergo
249 657 286 687 et
303 651 407 687 beata
425 650 501 686 vita
517 663 527 687 τ
559 648 782 699 Respublica
800 654 923 685 autem
945 648 1015 691 βίος
1033 648 1084 690 τίς
1104 649 1178 685 iam
1199 648 1341 688 πόλεως.
1395 645 1466 682 Sed
1484 652 1521 682 et
1532 656 1606 686 vita
1621 661 1710 695 quae-

143 721 277 752 notum
309 715 369 758 est,
399 715 495 752 cives
527 714 722 764 opulentos
756 713 822 751 esse
858 712 1108 750 insolentiores
1139 717 1176 749 et
1209 708 1491 749 contumeliosos
1506 725 1517 757 3
1531 699 1668 774 §3352st
1688 697 1735 728 οἱ·

143 779 375 829 pauperiores
394 791 480 815 vero
501 778 714 823 malitiosos,
734 777 998 821 fraudulentos,
1017 783 1054 814 et
1071 776 1110 814 in
1131 777 1237 814 rebus
1259 775 1384 826 parvis
1403 774 1520 812 male·

141 844 243 883 ficos.
298 846 345 882 Et
375 846 439 882 hos
467 845 616 895 quidem
646 845 781 882 nescire
809 845 1004 895 imperare,
1024 843 1083 882 sed
1103 844 1227 894 potius
1247 842 1371 880 servile
1400 842 1520 893 impe-

142 909 256 954 rium,
268 911 368 960 quod
387 909 531 947 civitati
551 915 672 954 nocet,
688 908 818 948 subire.
872 909 961 947 Illos
981 921 1067 946 vero
1084 908 1181 945 nulli
1202 908 1360 959 imperio
1378 919 1521 958 parere,

142 973 322 1025 imperare
343 982 467 1012 autem
492 974 676 1025 despotico
695 974 864 1025 imperio.
920 974 1040 1011 Erunt
1067 987 1155 1024 ergo
1181 972 1462 1024 praestabiliores
1481 981 1519 1010 et

143 1038 309 1076 meliores
325 1038 351 1076 ii
369 1039 466 1077 cives
479 1039 545 1089 qui
563 1045 669 1076 erunt
690 1039 906 1084 mediocres,
926 1051 1012 1076 cum
1035 1038 1159 1076 media
1177 1037 1251 1076 fere
1270 1039 1340 1075 sint
1358 1024 1518 1089 optima'.

142 1103 194 1140 Et
222 1098 397 1154 praeterea
423 1104 520 1141 cives
550 1103 606 1141 illi
636 1103 747 1141 medii
774 1103 922 1141 facilius
951 1103 1088 1141 rationi
1108 1104 1378 1155 obtemperent,
1399 1115 1519 1153 neque

141 1168 261 1206 aliena
290 1169 399 1213 bona,
431 1175 476 1206 ut
506 1181 697 1220 pauperes,
729 1175 934 1220 appetant5
963 1181 1083 1219 neque
1115 1182 1241 1206 eorum
1276 1167 1520 1206 facultatibus

142 1233 206 1271 alii
226 1233 382 1272 inhient.
438 1220 527 1272 Non
557 1234 657 1271 enim
691 1233 931 1271 mediocrium
954 1233 1012 1270 sed
1029 1233 1191 1270 divitum
1219 1233 1345 1284 potius
1372 1233 1469 1270 bona
1495 1245 1519 1269 a

142 1299 366 1350 pauperibus
384 1305 620 1350 expetuntur.
677 1299 755 1336 Hic
778 1299 870 1335 citat
896 1297 1039 1335 versum
1069 1297 1277 1349 Phocylidis
1298 1297 1365 1348 qui
1383 1296 1418 1336 se
1438 1309 1517 1335 mo·

142 1363 246 1402 dium
265 1363 384 1401 civem
403 1365 555 1414 optabat
574 1365 622 1400 ob
641 1363 759 1400 multa
779 1363 984 1400 mediorum
1005 1364 1113 1401 bona.

249 1427 370 1467 Πολλοὶ
387 1431 542 1477 μέσοισιν
563 1427 705 1481 ἄριστα,
725 1432 825 1479 μέσος
844 1427 930 1466 θέλω
949 1433 978 1466 ἔν
997 1430 1093 1468 πόλει
1114 1426 1211 1474 εἶναι,

248 1492 324 1545 Effi
339 1493 416 1530 volo
435 1492 561 1531 medius
575 1509 589 1530 .·
618 1493 733 1531 mediis
738 1493 825 1544 sunt
845 1493 1012 1531 commoda
1032 1493 1153 1532 multa.

141 1559 274 1597 Secura
302 1559 351 1596 est
379 1559 458 1596 vita
486 1558 743 1603 mediocrium,
764 1559 854 1608 quia
878 1572 998 1614 neque
1016 1559 1042 1596 ii
1062 1559 1144 1596 aliis
1163 1557 1295 1596 volunt
1325 1558 1513 1606 infidiari3

131 1638 260 1676 *neque
277 1624 322 1661 iis
342 1624 405 1661 alii
425 1624 654 1661 insidiantur.
709 1622 870 1673 Optima
889 1621 1005 1673 igitur
1019 1624 1068 1660 est
1086 1636 1127 1660 ea
1146 1622 1369 1674 Respublica
1389 1637 1476 1673 quae
1494 1637 1518 1661 a

141 1688 384 1726 mediocribus
404 1689 476 1725 illis
495 1687 736 1738 modestisque
753 1687 897 1724 civibus
917 1687 1083 1737 regitur;
1113 1693 1226 1737 atque
1251 1688 1342 1725 adeo
1361 1687 1515 1725 beatiffi-

142 1766 214 1790 mae
232 1753 317 1790 sunt
335 1766 386 1790 eae
405 1753 586 1800 civitates,
604 1753 668 1790 ubi
697 1752 819 1789 media
843 1752 907 1789 illa
933 1752 1074 1789 civium
1094 1765 1179 1802 pars
1198 1751 1318 1802 major
1335 1753 1385 1791 est
1404 1760 1517 1804 atque

142 1818 340 1867 potentior.
395 1818 463 1855 Sed
481 1818 550 1854 hoc
570 1816 800 1867 Reipublicae
818 1804 935 1867 ¹genus
955 1830 1078 1854 rarum
1099 1816 1166 1854 effe
1183 1817 1303 1860 docet,
1324 1817 1414 1868 quia
1439 1830 1516 1855 me-

141 1883 288 1920 diorum
317 1895 492 1919 numerus
518 1882 568 1918 est
593 1881 776 1932 exiguus3
806 1881 932 1932 itaque
950 1881 1027 1918 fieri
1047 1889 1090 1918 ut
1107 1882 1132 1918 fi
1152 1882 1253 1932 plebs
1280 1880 1434 1932 superet,
1452 1896 1516 1920 ex-

139 1945 223 1984 istat
253 1947 515 1989 Democratia;
545 1948 569 1984 fi
602 1947 710 1998 pauci
742 1947 894 1984 ditiores
927 1947 1112 1997 praestent,
1143 1933 1515 1999 exoriatur'Oligar-

135 2011 235 2049 chia.
293 2012 417 2061 Atque
446 2012 582 2049 idcirco
610 2018 652 2048 ut
680 2012 886 2062 plurimum
918 2012 1040 2061 vigere
1065 2012 1335 2056 Democratias,
1365 2019 1402 2049 et
1429 2012 1514 2050 Oli-

138 2077 329 2128 garchias:
360 2089 445 2126 quae
464 2077 559 2114 ratio
576 2076 626 2114 est
644 2090 710 2114 cur
728 2076 936 2114 Aristoteles
956 2077 993 2114 in
1014 2077 1071 2114 his
1090 2077 1260 2114 videatur
1286 2077 1514 2128 diligentior.

138 2142 339 2180 Concludit
360 2142 638 2179 Democratiam
665 2148 702 2179 et
728 2141 985 2192 Oligarchiam
1013 2155 1095 2179 eam
1124 2142 1310 2193 optimam
1329 2142 1410 2188 effe,
1429 2158 1514 2194 quae

139 2206 195 2244 illi
215 2206 454 2244 mediocrium
476 2206 709 2257 Reipublicae
725 2207 768 2244 fit
787 2206 984 2257 proxima3
1013 2214 1058 2244 ut
1083 2206 1337 2252 deterrimam,
1357 2221 1443 2258 quae
1470 2209 1513 2247 fit

138 2272 186 2308 ab
199 2272 326 2309 eadem
346 2271 573 2309 alieniffima.

601 2378 665 2416 Ad
682 2378 767 2430 Cap,
787 2378 1030 2419 duodecimum.

192 2467 302 2505 Ponit
323 2466 519 2504 Politicum
550 2474 778 2517 praeceptum
810 2468 964 2519 infigne.
1017 2469 1161 2507 Debere
1187 2469 1323 2509 scilicet
1343 2471 1428 2522 plus
1447 2484 1729 2530 PO-Praeeeptum

139 2533 266 2570 tentiae
285 2532 323 2569 in
343 2532 494 2569 civitate
513 2533 644 2570 habere
670 2545 752 2570 eam
781 2540 924 2583 partem
954 2546 1040 2584 quae
1067 2534 1298 2584 Reipublicae
1325 2536 1514 2587 praesentis
1525 2533 1712 2565 POlfficum·

139 2597 432 2634 incolumitatem
467 2603 580 2639 amet,
615 2610 730 2648 eaque
761 2604 935 2635 contenta
966 2598 1033 2644 fit;
1070 2612 1186 2648 quam
1223 2600 1392 2646 alteram,
1427 2615 1514 2652 quae

137 2660 216 2711 ejus
233 2661 392 2699 formam
414 2674 562 2699 manere
589 2662 696 2699 nolit.
752 2662 895 2700 Deinde
916 2663 954 2699 in
973 2663 1124 2700 civitate
1142 2664 1217 2700 duo
1235 2664 1315 2710 effe,
1338 2665 1514 2705 Qualita-

138 2730 230 2770 tem,
265 2737 400 2778 nempe
437 2725 659 2769 libertatem,
690 2725 854 2770 divitias,
881 2725 1133 2776 disciplinam,
1172 2727 1435 2772 nobilitatem;
1476 2737 1515 2769 et

138 2789 420 2835 Quantitatem,
446 2802 581 2840 nempe
610 2789 862 2828 multitudinis
889 2791 1182 2841 exuperantiam,
1203 2791 1256 2830 ita
1281 2799 1325 2830 ut
1351 2807 1427 2832 una
1454 2795 1514 2832 in-

138 2854 283 2893 terdum
319 2867 404 2906 pars
439 2854 580 2893 civium
616 2854 796 2905 qualitate
829 2855 988 2905 praestet,
1027 2855 1142 2894 altera
1175 2858 1400 2907 quantitate.
1454 2859 1515 2898 Sic

802 2921 826 2958 d
846 2933 868 2970 3
1295 2921 1301 2926 '
