1904 3308
438 207 552 245 xxxvi
815 207 1060 247 SYNOPSIS
1088 207 1407 246 ANALYTICA

437 317 533 352 bona
562 313 804 365 locupletum,
839 328 914 352 non
950 316 1022 352 fine
1055 315 1211 365 pernicie
1252 315 1492 365 Reipublicae.
1546 312 1783 364 Oligarchiae,

438 379 537 428 quod
555 378 662 429 pauci
692 378 874 429 principes
901 392 942 416 ac
970 379 1117 416 ditiores
1141 379 1283 429 plebem
1302 379 1527 429 opprimant.
1581 378 1783 416 Aristocra-

437 441 514 486 tiae,
534 442 632 491 quod
650 442 758 492 pauci
778 442 974 479 honoribus
1001 441 1154 479 summis
1180 442 1380 491 potiantur,
1399 441 1546 491 plurimi
1573 442 1784 490 relinquan-

439 509 502 541 tur
535 503 681 553 inglorii
711 509 748 540 et
778 503 998 546 inhonorati,
1028 504 1124 552 quod
1153 503 1426 540 incommodum
1457 503 1495 539 in
1526 515 1638 555 regno
1664 503 1783 539 adhuc

440 567 587 616 gravius
613 567 673 609 est,
692 580 767 603 uno
793 566 866 603 solo
893 566 1106 616 imperante,
1124 566 1262 603 caeteris
1284 566 1454 602 omnibus
1474 566 1618 603 relictis.
1672 563 1783 602 Quod

439 631 464 667 fi
484 630 529 667 ad
548 630 664 680 legem
692 631 774 680 quis
802 629 997 680 imperium
1017 630 1241 666 referendum
1266 635 1385 679 putet,
1403 642 1476 666 non
1496 630 1540 666 ad
1560 641 1695 679 regem,
1716 629 1786 664 five

441 694 487 730 ad
521 693 736 740 hominem;
765 693 846 730 sane
878 694 907 730 is
939 693 1171 730 incommoda
1202 692 1375 742 praedicta
1403 693 1482 730 ideo
1508 706 1581 740 non
1609 691 1781 740 effugiet:

443 757 532 806 quia
557 757 616 794 lex
645 757 765 794 omnis
792 755 980 794 necessario
999 757 1067 793 erit
1085 755 1140 793 vel
1161 757 1429 802 Democrafica,
1456 757 1510 794 vel
1540 755 1787 805 Oligarchica‚

442 820 499 857 vel
518 820 620 857 alteri
639 821 799 871 cuipiam
812 820 1034 871 principatui
1053 820 1369 859 accommodanda.

915 925 978 964 Ad
996 927 1080 979 Cap.
1101 926 1316 966 undecimum.

496 1014 630 1051 Statuit
657 1012 766 1050 satius
794 1012 870 1054 effe,
898 1012 1049 1062 Imperii
1075 1012 1257 1050 summam
1285 1012 1350 1050 effe
1377 1026 1485 1063 penes
1512 1012 1647 1050 multos
1675 1022 1786 1062 quam

441 1090 596 1128 paucos3
626 1077 826 1114 dummodo
845 1076 897 1113 illi
918 1076 1039 1119 multi,
1057 1077 1081 1112 fi
1100 1089 1172 1113 non
1192 1076 1322 1126 singuli
1349 1082 1384 1114 et
1410 1076 1645 1118 distributive,
1665 1068 1788 1113 saltem

442 1153 568 1177 omnes
584 1147 618 1177 et
638 1139 835 1183 collective,
862 1140 931 1176 fint
958 1139 1026 1176 viri
1052 1139 1154 1183 boni,
1174 1145 1210 1176 et
1237 1139 1309 1176 illis
1337 1140 1461 1189 paucis
1481 1139 1658 1183 meliores,
1677 1138 1728 1175 ita
1747 1143 1789 1175 ut

443 1217 517 1240 non
536 1204 666 1254 singuli
685 1204 835 1253 quidem
855 1202 994 1240 seorfim
1023 1202 1159 1252 sumpti
1187 1203 1384 1240 virtutibus
1402 1203 1572 1240 omnibus
1599 1202 1668 1239 fint
1695 1213 1788 1252 prae-

442 1268 527 1313 diti,
561 1268 617 1306 sed
643 1281 768 1305 omnes
800 1268 919 1311 simul,
947 1273 984 1304 et
1009 1280 1103 1304 unus
1130 1280 1229 1312 una;
1258 1266 1350 1304 alius
1376 1265 1447 1304 alia
1475 1267 1608 1304 virtute
1627 1265 1790 1303 excellat.

446 1331 559 1369 Quod
579 1333 841 1368 documentum
870 1331 1023 1368 illustrat
1047 1330 1282 1367 fimilitudine
1309 1343 1496 1367 coenarum
1522 1329 1791 1380 Symbolarum‚

446 1408 537 1444 quas
555 1403 660 1432 vocat
678 1395 726 1433 τὰ
743 1394 941 1444 συμφορητὰ
967 1393 1099 1438 δεῖπνα,
1117 1406 1201 1431 cum
1221 1392 1355 1430 scilicet
1372 1392 1580 1443 Symbolam
1605 1399 1791 1443 partemve

445 1458 545 1496 suam
576 1459 707 1509 singuli
737 1458 997 1496 contulerunt:
1026 1457 1109 1494 sunt
1134 1457 1232 1494 enim
1259 1457 1316 1494 hae
1342 1469 1457 1494 coenae
1475 1457 1639 1494 meliores
1657 1463 1692 1494 et
1709 1457 1790 1493 lau-

233 1537 281 1568 Ex
298 1547 363 1568 uno
444 1523 565 1568 tiores,
588 1523 631 1560 iis
651 1537 734 1572 quae
762 1526 794 1560 ἐκ
812 1528 893 1571 μιᾶς
921 1520 1068 1564 δαπάνης
1088 1520 1182 1558 fiunt
1209 1527 1245 1557 et
1273 1521 1507 1558 instruuntur.
1561 1521 1661 1558 Tum
1688 1521 1796 1557 docet

231 1581 376 1652 sumptu,
444 1600 518 1624 non
546 1587 610 1624 effe
638 1593 761 1623 tutum
792 1585 1020 1622 multitudini
1051 1584 1213 1621 maxima
1240 1584 1393 1634 imperia
1412 1583 1641 1633 summosque
1670 1583 1791 1633 magi-

231 1632 426 1696 rriffirigss'ug-
445 1651 573 1687 stratus
591 1649 799 1695 committi5
827 1648 934 1685 facile
958 1647 1057 1685 enim
1085 1647 1213 1697 injuste
1231 1656 1266 1684 et
1286 1648 1534 1698 imprudenter
1551 1660 1679 1698 agere3
1707 1647 1791 1684 nul-

237 1708 357 1748 pribus.
445 1716 498 1752 los
531 1720 652 1751 autem
685 1713 827 1764 prorsus
863 1713 980 1750 eidem
1013 1713 1216 1757 concedere,
1248 1711 1314 1748 effe
1349 1711 1636 1749 formidolosum.
1689 1712 1792 1749 Hinc

233 1792 337 1824 Debet
352 1802 406 1832 ρο-
445 1779 544 1815 enim
564 1778 764 1815 seditiones.
819 1778 948 1826 Itaque
966 1777 1091 1813 debere
1111 1776 1384 1813 multitudinem
1410 1772 1628 1820 βουλεύεσθαρι
1647 1776 1705 1814 καὶ
1724 1777 1793 1828 ugi-

235 1835 410 1908 Ξὲὲυζῐέῗῖἷὲ
450 1860 521 1887 unu,
540 1842 678 1879 consilii
701 1848 736 1878 et
758 1840 982 1891 judiciorum
1013 1840 1078 1877 effe
1110 1840 1338 1890 participem.
1393 1839 1452 1877 Sic
1476 1839 1667 1890 permififfe
1693 1839 1792 1877 Solo-

230 1888 548 1959 judiEiorumAEem,
582 1912 618 1943 et
650 1905 738 1942 alios
770 1905 1030 1949 Nomothetas,
1061 1911 1103 1941 ut
1131 1904 1289 1954 populus
1318 1903 1595 1954 magistratuum
1621 1903 1794 1940 creationi

233 1962 241 1966 ⁴
268 1965 271 1967 ’
447 1970 619 2022 praeeffet‚
649 1969 782 2019 jusque
818 1970 963 2006 haberet
997 1967 1202 2018 reposcendi
1237 1967 1324 2017 gesti
1360 1967 1589 2016 magistratus
1626 1967 1798 2004 rationes.

447 2034 604 2072 Prodeffe
634 2031 748 2082 igitur
775 2032 1050 2069 multitudinem
1079 2039 1337 2080 congregatam
1365 2030 1520 2075 civitati,
1546 2030 1743 2080 praesertim
1771 2030 1796 2067 fi

448 2097 658 2135 melioribus
677 2095 899 2146 adjungatur
916 2102 951 2134 et
969 2094 1267 2144 sapientioribus;
1297 2107 1370 2131 non
1389 2093 1484 2130 secus
1502 2101 1611 2143 atque
1631 2094 1808 2144 impurue‘

446 2162 551 2199 cibus
583 2148 675 2211 puro
706 2160 857 2202 mixtus,
877 2165 995 2196 totum
1024 2158 1293 2196 nutrimentum
1322 2157 1438 2194 reddit
1463 2158 1604 2202 utilius,
1631 2171 1743 2207 quam
1773 2158 1804 2195 fi·

448 2225 532 2262 esset
567 2236 724 2273 paucum
763 2228 799 2260 et
829 2234 963 2271 purum
1000 2220 1292 2257 nutrimentum:
1334 2219 1421 2269 quia
1456 2220 1617 2256 multum
1649 2232 1716 2270 par
1749 2219 1799 2256 est

449 2288 591 2325 alendo·
606 2286 761 2336 corpori,
780 2298 938 2335 paucum
969 2284 1110 2333 impar3
1141 2283 1293 2332 ideoque
1312 2283 1402 2319 illud
1421 2284 1487 2320 hoc
1505 2283 1646 2320 utilius.
1700 2283 1799 2321 Quae

240 2363 368 2401 tmpum
450 2350 678 2400 comparatio
696 2362 742 2385 an
762 2349 913 2385 omnino
941 2348 982 2385 fit
1011 2359 1094 2384 vera
1120 2347 1276 2383 viderint
1295 2347 1446 2391 Medici,
1467 2346 1598 2396 quibus
1616 2347 1725 2383 etiam
1746 2347 1798 2384 ci-

240 2414 390 2477 cssgmffis
451 2416 519 2451 bus
540 2414 622 2451 licet
650 2412 855 2462 puriffimus
886 2412 924 2448 in
954 2411 1100 2460 impuro
1127 2422 1272 2459 corpore
1302 2409 1484 2459 suspectus
1502 2409 1576 2446 est:
1607 2409 1654 2446 τὰ
1671 2407 1718 2457 μὴ
1736 2426 1806 2447 κα·

239 2457 372 2525 ἓυῑῑίξιε,
387 2497 424 2518 eo
454 2478 547 2531 θαςὰ
565 2483 626 2517 τῶν
645 2477 820 2526 σωμάτων,
840 2478 947 2514 ὁκόσον
966 2474 1005 2514 ἂν
1024 2474 1164 2527 θξέψῃς,
1183 2480 1309 2523 μᾶλλον
1327 2475 1492 2521 βλάψεις,
1512 2474 1634 2524 inquit
1653 2474 1801 2524 Hippo-

237 2532 341 2604 laedeg
350 2540 418 2604 ’ἵζ’
454 2549 581 2580 crates.
636 2539 834 2577 Examinat
862 2539 980 2589 postea
998 2537 1205 2576 Aristoteles
1224 2538 1363 2574 Solonis
1382 2538 1602 2582 institutum,
1622 2550 1697 2587 quo
1714 2550 1800 2574 con-

238 2584 373 2649 {gs-Segg-
390 2626 420 2649 2.
452 2605 583 2642 cessum
603 2603 652 2640 est
671 2603 806 2653 populo
828 2601 891 2651 jus
918 2602 1076 2652 eligendi
1103 2608 1137 2638 et
1165 2601 1309 2638 creandi
1335 2601 1575 2651 magistratus,
1593 2608 1629 2638 et
1647 2601 1803 2638 rationes

452 2668 656 2719 reposcendi
673 2683 681 2704 :
711 2667 756 2703 ad
775 2667 853 2703 haec
870 2666 969 2702 enim
988 2664 1106 2702 officia
1123 2664 1265 2714 judicio
1283 2670 1318 2701 et
1335 2665 1484 2702 scientia
1501 2677 1591 2714 opus
1618 2665 1697 2709 effe,
1718 2665 1803 2715 qui·
1823 2652 1829 2661 ³
1847 2659 1849 2662 ⁴

384 2739 386 2742 “
452 2734 519 2769 bus
539 2737 637 2767 caret
655 2730 826 2780 populus.
880 2728 1009 2766 Inserit
1035 2727 1282 2777 digreffionem
1301 2728 1344 2765 de
1361 2727 1518 2764 scientiis
1536 2734 1572 2768 et
1589 2728 1742 2772 artibus,
1762 2727 1801 2763 in

454 2797 586 2849 quibus
606 2803 676 2834 tres
693 2795 766 2832 fere
786 2794 951 2847 personas
978 2793 1043 2831 csse
1070 2792 1205 2830 scribit.
1260 2792 1317 2830 Sic
1341 2792 1532 2830 Medicum
1553 2791 1606 2829 ait
1625 2791 1806 2842 quodam·
