1904 3308
190 1549 324 1589 χαλεποὶ

192 1594 252 1634 ’γὰρ
270 1592 389 1631 πόλεμοι

190 1634 329 1669 ἀδελφῶν.

201 2643 286 2675 Cura
297 2646 368 2677 reli-

200 2689 303 2727 gionis
318 2691 380 2728 pri-

202 2740 257 2760 rna
273 2732 332 2762 effe
348 2734 399 2764 de-

200 2772 254 2802 bet
271 2776 303 2805 in
321 2774 379 2807 Re-

202 2817 343 2855 publica.

403 176 531 220 lxxxvi
791 183 1039 228 SYNOPSIS
1065 185 1384 229 ANALYTICA

402 295 508 335 nan-t,
537 289 727 335 inclinent,
753 298 1003 342 promoveant.
1059 294 1181 334 Aiunt
1206 295 1304 332 enim
1333 289 1476 333 Medici
1489 305 1605 334 mores
1629 287 1747 329 animi

401 353 501 401 sequi
521 359 849 404 temperamentum
875 357 1047 406 corporis.
1102 358 1160 395 Sic
1178 358 1274 395 calor
1291 371 1370 395 acer
1386 364 1422 395 et
1440 358 1578 395 multus
1596 357 1634 396 in
1653 368 1748 405 prae·-

401 418 531 454 cordiis
559 419 822 457 animofitatem
852 421 999 464 excitat,
1019 421 1270 458 fortitudinem
1298 422 1411 466 acuit,
1432 422 1476 459 ad
1502 422 1595 463 ,iram
1616 431 1748 470 provo-

400 486 473 524 cat,
491 487 527 517 et
546 482 734 519 audaciam
751 499 762 529 3
792 480 908 533 frigu's
926 491 1047 521 autem
1067 486 1135 522 five
1155 485 1256 522 mitis
1284 498 1325 522 ac
1353 484 1513 538 remissus
1526 485 1641 528 calor,
1661 494 1746 519 con·
1775 502 1777 504 >

400 549 468 580 tra.
526 545 613 581 Qua
639 546 682 582 de
710 559 746 583 re
774 547 915 596 legendi
943 547 1026 584 sunt
1053 548 1157 584 Plato
1175 548 1240 585 lib.
1260 562 1295 586 v.
1315 549 1359 585 de
1375 548 1514 597 legibus
1533 549 1571 584 in
1588 547 1749 588 Timaeo,

401 609 440 646 in
457 610 672 653 Menexeno,
691 619 725 648 et
745 611 808 648 lib.
829 612 906 648 viii.
925 612 969 648 de
987 613 1203 662 Republica.
1223 638 1227 643 ·
1246 612 1491 662 Hippocrates
1515 611 1580 648 lib.
1598 611 1641 646 de
1657 621 1751 645 aere»

401 674 521 723 aquis⁹
541 682 576 712 et
591 675 691 712 locis.
733 676 946 712 Plutarchus
965 676 1026 713 lib.
1049 690 1081 715 v.
1101 677 1145 713 de
1164 677 1260 714 Plac.
1281 676 1412 714 Philos.
1430 689 1462 712 c.
1481 686 1545 722 30.
1577 672 1761 714 Galenusr

400 737 464 775 lib.
485 738 523 775 ii.
550 739 594 775 de
619 739 949 788 Temperamentis,
971 747 1011 776 et
1040 740 1102 776 lib.
1132 740 1245 777 Quod
1273 740 1387 776 animi
1414 751 1530 776 mores
1557 737 1752 786 sequantur

401 807 616 850 temperam.
642 802 829 851 corpsM.
847 802 994 839 Tullius
1013 802 1076 840 lib.
1098 816 1132 840 v.
1160 803 1203 840 de
1231 803 1397 840 Divinat,
1427 801 1605 851 Apuleius
1623 799 1687 852 lib.
1709 799 1750 836 ii.

399 865 443 900 de
465 866 575 900 Asino
596 865 688 901 Aur.
718 865 892 914 Vegetius
911 865 975 902 lib.
992 866 1014 903 i.
1035 867 1078 902 de
1097 879 1133 902 re
1152 865 1269 903 Milit.
1283 879 1363 915 cap.
1379 878 1414 904 2.
1432 865 1601 914 Polybius
1618 863 1684 900 lib.
1700 862 1751 908 iv·

400 928 617 977 Apollonius
645 930 829 978 Tyanaeus
859 930 956 979 apud
981 931 1248 967 Philostratum.
1277 930 1415 968 Plinius
1434 930 1497 967 lib.
1517 929 1556 967 ii.
1584 941 1664 978 cap.
1686 928 1749 977 78.

401 992 616 1029 Ptolemaeus
647 992 711 1030 lib.
732 992 771 1029 ii.
826 993 1098 1043 Quadripartiti
1128 1007 1208 1043 cap.
1231 1006 1265 1031 2.
1297 1000 1332 1030 et
1350 1006 1388 1041 3.
1415 992 1560 1042 ejusque
1594 993 1631 1029 in
1662 1004 1748 1028 eum

399 1055 523 1091 locum
550 1055 760 1104 interpretes
788 1055 889 1105 Haly
907 1062 942 1092 et
962 1057 1188 1093 Albumazar
1213 1056 1472 1093 Introduecorii
1500 1056 1563 1093 lib.
1585 1055 1639 1092 iii.
1657 1061 1693 1091 et
1711 1067 1746 1092 v-

399 1125 436 1155 et
460 1119 521 1155 alii
550 1119 747 1168 plurimis>
762 1120 883 1159 Quod
902 1133 984 1156 vero
1002 1121 1045 1156 de
1064 1108 1260 1169 majoribus
1285 1121 1397 1156 totius
1425 1119 1555 1156 mundi
1582 1119 1746 1168 partibus

400 1182 564 1232 Europa,
583 1183 683 1227 Afia,
703 1189 739 1220 et
752 1182 877 1233 ‘nm'edia
903 1183 965 1220 sua
991 1184 1134 1220 Graecia
1152 1184 1247 1220 dixit
1266 1183 1473 1221 Aristoteles
1495 1183 1655 1231 (videtur
1680 1195 1746 1219 au-

399 1252 475 1282 tem
502 1253 572 1282 tres
599 1251 745 1282 tantum
775 1237 905 1283 mundi
931 1254 1051 1296 partes
1078 1247 1280 1296 agnoscere,
1302 1248 1379 1285 imo
1404 1247 1505 1290 duas,
1529 1259 1614 1283 cum
1643 1246 1748 1284 Grae-

399 1309 495 1346 ciam
523 1309 635 1346 faciat
662 1310 914 1347 intermediam
942 1318 978 1347 et
1005 1310 1191 1360 utriusque
1214 1311 1449 1360 participem)
1471 1311 1566 1347 idem
1587 1309 1664 1347 vult
1682 1309 1750 1346 effe

399 1373 721 1423 accipiendumde
748 1375 895 1424 singulis
922 1374 1030 1411 unius
1050 1375 1206 1424 regionis
1234 1374 1436 1424 particulis,
1457 1374 1508 1411 ita
1525 1380 1566 1410 ut
1585 1374 1623 1410 in
1642 1373 1747 1410 Grae-

399 1437 468 1482 cia,
500 1438 563 1475 alii
595 1439 663 1474 fint
695 1438 844 1475 animosi
873 1444 909 1474 et
936 1438 1065 1481 fortes3
1094 1438 1157 1475 alii
1188 1439 1360 1488 ingeniosi
1391 1444 1427 1475 et
1457 1438 1657 1487 sapientes3
1687 1435 1750 1477 alii

398 1508 554 1551 utraque
573 1502 707 1539 virtute
734 1502 897 1546 floreant,
916 1502 1111 1539 secundum
1131 1503 1214 1539 coeli
1235 1502 1372 1552 solique
1390 1503 1614 1540 varietatem.
1668 1502 1750 1541 Ad-

399 1566 455 1602 dit
482 1566 602 1615 postea
621 1566 659 1602 in
678 1572 795 1610 textu,
814 1566 948 1602 amicos
975 1574 1011 1602 et
1038 1566 1234 1603 familiares
1252 1567 1315 1603 fibi
1333 1567 1428 1603 notis
1446 1572 1482 1603 et
1499 1566 1629 1603 amicis
1647 1564 1749 1615 aspe-

401 1631 510 1667 riores
527 1630 606 1674 effe,
624 1636 733 1680 atque
761 1630 799 1666 in
826 1643 885 1666 eos
913 1629 1031 1679 magis
1048 1630 1264 1674 exacerbari,
1280 1644 1365 1667 cum
1385 1631 1430 1667 ab
1449 1630 1493 1667 iis
1513 1628 1647 1679 injuria
1668 1628 1749 1666 affi-
1771 1639 1775 1641 ’

401 1695 562 1739 ciuntur,
585 1705 696 1743 quam
728 1693 767 1730 in
795 1693 884 1730 alios
912 1694 1054 1743 ignotos
1070 1710 1082 1739 3
1111 1694 1199 1744 quia
1218 1695 1393 1732 nimirum
1414 1694 1536 1744 potius
1554 1695 1600 1730 ab
1619 1694 1749 1731 amicis

402 1758 474 1795 illis
502 1764 537 1794 et
566 1758 628 1794 fibi
659 1758 756 1794 notis
785 1757 1002 1794 beneficium
1032 1757 1238 1807 expe6‘cant,
1256 1758 1392 1806 fibique
1419 1758 1510 1795 illud
1536 1757 1655 1794 deberi
1678 1771 1749 1807 pu-

401 1827 510 1866 tant3
539 1834 622 1857 cum
657 1820 804 1857 interim
835 1819 1007 1869 injuriam
1038 1821 1240 1870 recipiant:
1271 1822 1370 1870 quod
1401 1821 1534 1870 duplex
1562 1822 1610 1858 est
1638 1821 1751 1859 detri-

402 1892 584 1922 mentum.
638 1885 741 1921 Hinc
761 1884 962 1922 amicorum
982 1884 1064 1921 odia
1082 1885 1278 1922 acerrima:
1309 1884 1469 1922 fraterna
1490 1885 1582 1923 bella
1600 1885 1751 1935 asperti-,-

404 1963 491 1986 ma:
531 1954 575 1986 ut
603 1949 743 1985 constat
769 1949 814 1985 de
842 1949 935 1985 Abel
963 1953 1000 1984 et
1027 1948 1122 1985 Cain
1137 1964 1148 1994 3
1176 1949 1290 1999 Jacob
1316 1955 1353 1986 et
1380 1949 1473 1986 Esau
1487 1966 1500 1997 3
1529 1950 1688 1988 Romulo
1714 1957 1753 1989 et

404 2014 549 2059 Remo3
577 2012 722 2050 Eteocle
738 2017 775 2049 et
795 2012 963 2062 Polynice
982 2012 1166 2050 fratribus.

896 2117 958 2156 Ad
978 2117 1062 2169 Cap.
1081 2119 1252 2185 οὲῗανυιιζη.

460 2203 597 2241 Statuit
623 2203 743 2253 primo
771 2215 844 2239 non
875 2202 1002 2240 omnia
1032 2202 1076 2239 ad
1105 2200 1294 2240 civitatem
1320 2194 1520 2248 neceffaria‚
1539 2203 1605 2240 effe
1631 2209 1752 2253 partes

406 2267 590 2309 civitatis3
617 2272 661 2302 ut
677 2279 792 2316 neque
810 2278 851 2302 ea
870 2279 953 2315 quae
970 2265 1157 2302 neceffaria
1176 2265 1270 2310 sunt,
1288 2266 1492 2316 compositis
1511 2267 1752 2314 naturalibus,

407 2337 499 2380 puta
528 2328 761 2371 animalibus,
789 2334 908 2378 partes
934 2326 1016 2364 sunt
1045 2327 1218 2377 ipsorum.
1271 2329 1331 2365 Sic
1360 2329 1458 2365 enim
1489 2329 1604 2372 cibus,
1632 2336 1756 2379 potus,

407 2392 523 2435 labor,
540 2391 688 2428 somnus
706 2403 779 2427 non
797 2390 881 2427 sunt
900 2396 1019 2440 partes
1046 2390 1277 2434 animalium,
1296 2390 1378 2428 licet
1395 2391 1464 2427 fint
1481 2391 1521 2428 in
1537 2391 1583 2429 iis
1601 2392 1752 2430 neceffa-

409 2456 477 2494 ria.
530 2454 708 2498 Secundo,
742 2453 787 2490 ad
817 2466 964 2491 omnem
989 2453 1184 2490 civitatem
1216 2453 1404 2490 neceffaria
1433 2453 1499 2491 effe
1526 2454 1754 2506 ‘rgocplm'ali-

410 2526 577 2556 mentum
591 2534 602 2565 3
631 2521 770 2568 τέχνας,
798 2524 915 2563 artes3
946 2517 1049 2560 ὅπλα,
1076 2529 1179 2553 arma
1193 2533 1203 2562 3
1231 2516 1411 2567 χρῆματα,
1439 2519 1610 2567 pecunias
1624 2534 1634 2565 3
1665 2522 1756 2571 0¹23oe-

409 2585 515 2627 τιίαι,
546 2582 807 2625 Sacerdotium,
834 2581 906 2617 five
936 2593 1062 2617 curam
1093 2580 1277 2630 religionis
1309 2594 1351 2618 ac
1378 2593 1496 2618 rerum
1532 2582 1756 2627 divinarum,

411 2660 522 2696 quam
542 2646 626 2697 pius
646 2645 702 2682 vir
718 2645 862 2694 Deique
878 2644 998 2681 cultor
1016 2644 1219 2681 Aristoteles
1237 2644 1405 2681 omnium
1432 2645 1590 2695 primam
1609 2645 1675 2682 effe
1692 2647 1755 2683 de-

410 2711 492 2747 bere
509 2710 574 2753 ait,
593 2710 678 2747 licet
693 2722 774 2746 eam
796 2708 926 2757 quinto
952 2713 1098 2744 tantum
1117 2708 1195 2745 loco
1219 2714 1395 2746 numeret.
1449 2709 1620 2758 Denique
1638 2711 1756 2759 κρίσιν,

404 2773 605 2825 judicium,
635 2773 706 2812 five
728 2771 882 2823 justitiae
910 2771 1135 2810 exercitium.
1187 2771 1336 2822 Nempe
1362 2771 1452 2822 quia
1477 2772 1606 2810 civitas
1629 2773 1756 2823 aliquo
