1904 3308
441 210 528 247 xxvi
827 214 1071 255 SYNOPSIS
1098 217 1420 256 ANALYTICA

437 315 625 365 cujusdam
664 319 830 359 Lacaenae
861 329 1009 361 acutum
1041 326 1328 374 apophthegma,
1355 314 1442 376 ‘quae
1467 325 1550 363 teste
1579 326 1788 370 Plutarcho,

437 391 524 417 cum
558 394 579 417 a
609 385 779 434 peregina
805 388 962 435 quadam
995 388 1287 438 interrogaretur,
1306 402 1372 426 cur
1398 389 1481 427 solae
1507 391 1672 427 Lacaenae
1694 390 1784 427 viris

439 443 687 494 imperarent?
723 449 916 499 respondit,
956 452 1047 501 Quia
1071 452 1160 503 sblae
1191 454 1354 490 Lacaenae
1385 453 1477 491 viros
1506 453 1661 504 pariunt.
1715 453 1784 490 Sed

439 520 551 556 quam
581 511 628 546 ob
652 513 794 549 causam
826 514 999 551 bellicosae
1026 522 1149 565 gentes
1168 515 1239 552 fere
1257 516 1429 552 uxoribus
1448 523 1608 565 pareant,
1628 517 1784 566 dignum

229 571 294 601 Cur
307 571 397 601 belli·
440 571 488 608 est
517 572 739 623 investigare.
793 575 917 625 Hu'jus
947 577 1029 615 sane
1060 579 1110 616 rei
1140 579 1245 616 causa
1270 580 1403 629 duplex
1431 579 1491 616 est.
1545 579 1656 623 Prior,
1687 581 1784 635 quod

227 613 289 643 coti
303 620 429 653 pareant
465 635 472 642 -

228 657 390 688 uxoribus.

219 1277 362 1310 Ovidius.

208 2490 350 2531 Spartani
374 2489 406 2519 in
418 2484 483 2520 bat
513 2484 557 2520 ad
586 2491 699 2519 artem
729 2483 937 2520 militarem.
995 2483 1101 2519 Unde
1125 2482 1263 2519 faetum
1282 2482 1344 2526 est,
1365 2490 1407 2518 ut
1427 2481 1603 2530 quamdiu
1622 2493 1775 2531 pugna-⁴

206 2534 290 2564 bello
305 2533 371 2562 seli-

205 2585 269 2612 ces,
282 2577 314 2605 in
330 2583 407 2615 pace

206 2619 329 2659 perditi.

439 635 524 671 viris
541 636 635 673 bello
653 639 852 688 occupatis,
875 649 910 676 et
936 653 957 677 a
984 642 1094 678 domo
1119 641 1179 678 sua
1207 642 1423 686 absentibus,
1441 655 1568 679 uxores
1586 642 1735 680 licenter
1751 643 1784 679 se

437 706 565 746 gerant
582 701 696 743 domi,
716 703 958 740 oeconomiam
987 705 1176 754 arripiant,
1196 712 1230 741 et
1249 705 1482 741 domesticum
1504 705 1699 754 imperium
1719 706 1782 742 fibi

437 760 540 797 facile
569 763 780 800 vendicent:
813 765 995 814 posterior,
1028 768 1124 816 quod
1155 768 1223 804 viri
1253 767 1406 804 bellicosi
1439 767 1477 803 in
1507 768 1684 804 Venerem
1714 769 1783 805 sint

434 825 608 873 proclives
639 833 674 862 et
704 828 836 865 uxorii.
893 830 994 867 Hinc
1020 829 1180 867 observat
1207 831 1412 867 Aristoteles
1439 830 1676 880 Mythologos
1705 844 1779 868 non

434 893 567 924 temere
585 890 746 927 Martem
775 899 811 928 et
838 894 1012 931 Venerem
1041 893 1274 944 conjunxisse.
1330 895 1430 931 Hinc
1450 903 1485 931 et
1504 894 1645 931 fortasse
1670 895 1781 931 Lace·

433 952 606 989 daemonii
641 955 686 990 ad
723 956 900 993 Venerem
936 963 972 994 et
1007 958 1142 995 bellum
1174 958 1349 1008 propensi,
1384 958 1561 994 Venerem
1598 963 1778 994 armatam

366 1044 369 1047 .
433 1014 645 1062 (Pausanias
670 1018 732 1054 lib.
753 1019 806 1056 iii.
826 1020 1039 1057 Laetantius
1058 1021 1120 1058 lib.
1143 1022 1166 1057 i.
1197 1021 1306 1057 instit.
1335 1020 1548 1066 Christian.)
1578 1020 1780 1057 coluerunt.

433 1079 525 1115 Sunt
543 1089 662 1116 autem
686 1081 753 1117 viri
772 1083 923 1120 bellicosi
944 1084 981 1120 in
1003 1085 1179 1121 Venerem
1201 1085 1387 1134 proclives,
1407 1084 1494 1133 quia
1511 1084 1619 1121 fortes
1637 1083 1722 1120 sunt
1739 1090 1776 1120 et

431 1143 578 1186 robusti,
597 1151 723 1194 utpote
749 1145 854 1196 copia
880 1146 1078 1196 sanguinis,
1098 1147 1306 1198 spirituum,
1323 1154 1359 1184 et
1373 1147 1502 1184 caloris
1522 1148 1639 1184 innati
1659 1148 1774 1183 abun-

430 1206 569 1244 dantes.

539 1271 629 1320 Quae
647 1271 727 1308 bello
744 1273 788 1321 ⁶ss
805 1272 938 1316 habilis,
964 1274 1077 1312 Veneri
1095 1288 1220 1326 quoque
1237 1275 1390 1312 convenit
1405 1283 1506 1313 aetas.

643 1335 860 1385 Turpesenax
876 1337 979 1382 miles,
999 1346 1092 1388 turpe
1097 1337 1214 1386 senilis
1233 1351 1337 1375 amor.

429 1396 549 1434 Postea
573 1398 671 1435 aliud
692 1400 825 1435 vitium
855 1400 1115 1449 Spartanorum
1138 1400 1293 1443 accusat,
1320 1401 1356 1436 in
1386 1400 1564 1436 bonorum
1592 1399 1777 1444 divifione,

427 1472 582 1508 quorum
616 1474 699 1511 pars
725 1461 841 1511 major
866 1462 960 1499 ceffit
989 1463 1212 1500 mulieribus.
1267 1464 1362 1500 Item
1393 1462 1620 1512 reprehendit
1648 1463 1775 1512 Epho-

428 1524 520 1560 riam
551 1525 618 1561 five
648 1525 897 1574 magistratum
929 1527 1170 1576 Ephororum,
1198 1527 1294 1576 quod
1322 1526 1458 1576 Ephori
1485 1526 1595 1562 etiam
1624 1539 1643 1562 e
1671 1527 1773 1575 plebe

425 1588 668 1637 eligerentur:
699 1591 796 1639 quod
824 1590 867 1626 iis
896 1591 1014 1640 Reges
1041 1591 1112 1627 fere
1141 1590 1397 1640 subjicerentur
1421 1591 1468 1626 ob
1495 1580 1651 1626 nimiam
1676 1589 1771 1639 ipso-

424 1663 506 1688 rum
526 1653 754 1702 Ephororum
774 1653 997 1702 potestatem.
1050 1655 1295 1704 Reprehendit
1313 1660 1349 1691 et
1369 1655 1539 1692 Senatum
1558 1655 1685 1703 (quem
1706 1667 1772 1691 vo·-

424 1716 556 1751 cabant
584 1717 766 1767 yspowiau,
795 1724 836 1753 ut
863 1717 1048 1754 Senatores
1075 1719 1247 1768 γίςοντας)
1269 1730 1310 1753 eo
1338 1718 1434 1766 quod
1459 1716 1567 1753 effent
1586 1718 1772 1754 Senatores

423 1780 604 1829 perpetui,
638 1788 674 1816 et
705 1780 817 1830 usque
846 1781 891 1817 ad
925 1789 1069 1817 aetatem
1102 1781 1349 1830 decrepitam:
1381 1781 1479 1830 quod
1510 1780 1680 1817 vitiosum
1709 1781 1772 1824 est,

422 1856 508 1880 cum
531 1856 630 1880 mens
650 1852 685 1880 et
703 1845 895 1893 prudentia
914 1844 950 1880 in
969 1857 1009 1880 ea
1028 1851 1132 1881 aetate
1150 1844 1358 1893 langueant.
1413 1844 1600 1893 Improbat
1628 1850 1664 1880 et
1689 1856 1770 1893 reg-

422 1919 512 1943 num
535 1907 809 1956 Spartanorum,
829 1908 927 1956 quod
945 1920 1017 1943 non
1035 1919 1082 1944 ex
1102 1908 1235 1944 virtute
1252 1906 1460 1949 deferretur,
1481 1906 1537 1943 sed
1554 1906 1637 1942 effet
1656 1908 1770 1944 haere-

420 1970 608 2007 ditarium.
662 1971 829 2007 Damnat
873 1972 983 2007 etiam
1021 1970 1186 2020 sumptus
1231 1970 1460 2020 publicorum
1505 1970 1770 2014 conviviorum,

420 2048 504 2084 quae
533 2035 798 2072 Lacedaemonii
826 2035 965 2083 φιδίτια,
991 2037 1180 2078 vocabant,
1200 2034 1299 2083 quafi
1318 2035 1467 2082 φιλίτια,
1493 2034 1667 2071 amicitiae
1693 2034 1768 2070 effi-

420 2099 580 2144 cientia3
610 2112 740 2148 nempe
766 2100 852 2148 quia
880 2111 952 2135 non
979 2099 1023 2135 de
1050 2099 1210 2148 publico,
1229 2097 1285 2134 sed
1304 2098 1347 2133 de
1367 2097 1590 2146 privatorum
1610 2098 1715 2134 bonis
1732 2104 1770 2134 et

419 2162 674 2199 collationibus
692 2162 829 2199 fierent.
885 2162 953 2199 Sed
971 2169 1006 2197 et
1024 2161 1134 2198 claffis
1158 2162 1344 2210 Spartanae
1370 2160 1621 2210 praefec'turam
1641 2174 1768 2210 perpe-

420 2233 522 2263 tuam
557 2226 687 2275 rejicit,
721 2233 764 2263 ut
795 2226 938 2262 causam
974 2225 1257 2262 discordiarum:
1291 2237 1376 2261 cum
1409 2225 1471 2261 illa
1502 2225 1667 2261 videatur
1702 2224 1768 2262 effe

419 2292 602 2342 quoddam
629 2292 781 2328 alterum
811 2304 976 2341 regnum.
1029 2291 1237 2340 Perstringit
1264 2290 1375 2327 etiam
1400 2290 1558 2339 Lycurgi
1576 2290 1765 2326 confilium

419 2363 462 2392 ut
483 2354 770 2404 iniquiffimurn:
803 2355 899 2403 quod
923 2360 998 2391 erat
1015 2355 1059 2390 de
1079 2354 1228 2403 Imperii
1259 2366 1300 2389 ac
1328 2353 1537 2389 dominatus
1566 2353 1768 2402 prolatione

420 2425 456 2456 et
473 2420 646 2455 continuo
665 2420 901 2457 incremento.
955 2419 1009 2456 Eo
1027 2419 1122 2455 enim
1144 2418 1214 2454 fine
1232 2418 1356 2455 omnia
1373 2418 1437 2454 sua
1456 2417 1620 2454 instituta
1639 2417 1767 2454 refere-

419 2554 498 2585 rent
525 2548 815 2589 Lacedaemone8‚
835 2547 975 2583 tamdiu
995 2547 1192 2583 incolumes
1212 2545 1319 2582 essent
1337 2553 1372 2582 et
1389 2545 1580 2590 florentes;
1610 2544 1666 2581 sed
1686 2546 1764 2581 Im-

417 2612 560 2662 perium
590 2612 702 2655 naffl,
721 2612 808 2661 quia
837 2611 953 2647 nullas
974 2611 1072 2661 pacis
1100 2619 1191 2647 artes
1218 2617 1254 2647 et
1281 2610 1394 2647 studia
1421 2609 1569 2652 nossent,
1588 2609 1765 2658 superbia,

417 2676 522 2719 luxu,
555 2674 744 2712 insolentia
769 2682 805 2711 et
832 2675 1063 2711 seditionibus
1093 2675 1186 2711 inter
1217 2674 1249 2710 se
1277 2674 1473 2724 perierunt.
1527 2673 1697 2723 Denique
1728 2679 1765 2710 et

417 2741 485 2776 hoc
504 2740 690 2788 Spartanae
716 2739 942 2789 Reipublicae
969 2747 1157 2788 peccatum
1186 2731 1341 2782 accusat,
1362 2738 1459 2786 quod
1481 2737 1625 2774 nullum
1644 2737 1690 2786 ¹in
1719 2749 1762 2774 ea

416 2803 498 2841 effet
516 2804 704 2853 publicum
725 2803 907 2849 aerarium,
926 2803 970 2840 ad
989 2803 1072 2839 belli
1091 2802 1256 2852 sumptus
1275 2801 1516 2838 necessarium,
1757 2811 1759 2813 ’

1895 730 1904 804 ἐ
