1904 3308
313 190 697 240 POL1T100RUM'
722 191 1085 238 ARISTOTELIS.
1111 196 1204 236 vn.
1232 207 1272 246 4.
1355 192 1492 232 imm

618 331 683 371 Ad
700 331 788 384 Cap.
806 339 982 384 quartum.

167 434 271 479 Quae
299 440 434 478 restant
459 441 505 479 de
539 435 703 480 politicis
730 437 934 477 Aristotelis
961 436 1194 488 explicanda,
1221 449 1263 474 ea
1290 435 1336 472 ad
1369 440 1493 485 partes

114 504 207 543 duas
239 505 364 543 referri
394 507 589 543 commode
620 505 782 556 poffunt.
835 504 883 541 In
912 503 1034 554 priore
1070 502 1186 546 enim,
1219 514 1306 551 quae
1340 500 1388 536 ab
1424 500 1495 536 hoc

114 577 250 621 quarto
266 571 388 622 capite
415 571 531 622 usque
548 572 595 609 ad
612 577 726 622 caput
751 569 1083 607 decimumsextum
1113 565 1224 616 hujus
1251 565 1337 603 libri
1365 570 1494 602 exten-

114 636 233 681 ditur,
253 634 425 686 quaedam
454 634 670 690 hypotheses
687 642 724 673 et
741 634 857 672 veluti
874 634 1121 671 fundamenta
1137 632 1294 682 optimae
1311 629 1492 673 civitatis,

114 698 237 750 ejusve
265 699 493 751 Reipublicae
522 713 608 750 quae
635 700 679 737 fit
708 697 788 737 κατ’
815 698 932 750 εὐχὴν,
958 712 1001 735 ex
1027 696 1134 735 animi
1145 695 1319 747 stntmtia
1349 704 1383 731 et
1414 702 1495 731 voto

110 763 326 815 jaciuntur:
357 771 401 801 ut
427 765 472 801 de
499 765 638 802 civium
669 763 924 809 multitudine,
955 762 1216 813 magnitudine
1246 759 1424 803 civitatis,
1456 765 1496 795 et

116 829 234 868 totius
251 829 333 880 agri
359 830 431 866 five
458 829 648 874 territorii,
668 830 714 867 de
743 829 910 866 moribus
938 835 976 866 et
1006 827 1158 878 ingenio
1182 826 1340 870 civium,
1360 825 1406 861 de
1424 824 1496 860 {itu

114 893 218 933 urbis
245 895 293 932 ad
318 893 474 939 flumen,
492 895 540 931 ad
567 906 683 940 mare,
705 894 762 931 vel
790 894 895 931 alibi.
949 893 996 930 In
1023 892 1217 943 posteriore
1246 898 1386 935 autem,
1410 900 1498 939 quae

107 959 169 997 rest
186 971 210 997 a
227 970 308 1011 cap.
327 958 573 997 decimosexto
602 957 713 1008 hujus
741 958 890 1009 septimi
912 958 977 995 lib.
997 958 1044 995 ad
1071 956 1194 994 offlvi
1224 955 1336 1005 usque
1364 960 1402 991 et
1428 966 1496 1004 po-

116 1024 239 1062 stremi
258 1023 387 1069 finem,
405 1024 530 1075 agitur
554 1024 601 1061 de
628 1023 804 1061 institutis
830 1029 868 1060 et
895 1023 1036 1073 legibus
1058 1022 1096 1059 in
1115 1021 1325 1071 Republica
1350 1019 1499 1057 servane

114 1089 188 1128 dis.
242 1089 312 1127 Sed
342 1089 616 1126 institutionum
650 1089 890 1126 Ponticarum
910 1087 1120 1126 Aristotelis
1148 1086 1316 1124 maxima
1343 1092 1380 1122 et
1411 1096 1498 1135 gra-

115 1154 259 1194 -viffima
278 1167 362 1205 pars
382 1154 598 1197 intercidit;
627 1161 670 1191 ut
689 1154 778 1192 alibi
798 1154 1025 1191 notavimus.
1330 1151 1333 1155 “

173 1210 260 1258 Hoc
278 1220 396 1270 igitur
412 1219 534 1270 capite
552 1218 725 1270 supponit
745 1219 870 1271 primo
887 1233 962 1256 non
981 1217 1077 1269 poffe
1092 1217 1158 1255 effe
1175 1217 1359 1268 optimam
1380 1216 1502 1253 Rern-

118 1285 310 1337 publicam
330 1284 408 1323 ἄὺευ
427 1288 627 1336 συμμέτρου
654 1286 830 1337 χορηγίας,
843 1285 923 1333 stne
935 1283 1127 1334 fifffi'ciente
1143 1288 1338 1326 commeatu,
1358 1294 1501 1318 rerum-

119 1364 193 1401 que
211 1356 394 1388 certarum
413 1350 535 1400 copia,
555 1357 598 1387 ut
616 1350 666 1387 est
685 1350 825 1387 civium
851 1362 1042 1394 numerus,
1063 1350 1208 1386 ubertas
1237 1348 1316 1392 soli,
1336 1347 1500 1384 clemen-

118 1415 174 1454 tia
192 1415 292 1459 coeli,
309 1415 396 1452 situs
422 1415 537 1454 urbis,
556 1421 593 1451 et
618 1414 763 1452 fimilia.
819 1413 997 1459 Secundo,
1017 1428 1059 1451 ea
1078 1416 1176 1451 bona
1196 1413 1263 1450 effe
1281 1412 1445 1463 optanda
1463 1418 1503 1449 et

78 1519 80 1521 ,
117 1479 301 1531 ponenda,
331 1492 416 1529 quae
447 1477 581 1529 poffint
610 1478 781 1517 obtineri.
837 1479 883 1517 In
916 1493 991 1529 quo
1025 1479 1160 1517 erravit
1194 1479 1313 1521 Plato,
1341 1477 1423 1527 qui,
1457 1483 1501 1513 ut

116 1544 249 1583 Cicero
280 1543 462 1593 loquitur,
491 1543 537 1580 de
570 1544 776 1594 Republica
806 1545 951 1594 optavit
980 1544 1103 1594 potius
1132 1556 1247 1594 quam
1277 1541 1498 1594 disputavit,

118 1610 315 1660 multaque
337 1609 460 1661 posuit
487 1609 527 1647 in
554 1609 657 1647 libris
683 1609 729 1647 de
757 1609 964 1660 Republica
994 1610 1104 1660 plane
1131 1607 1301 1647 ἀδύνατα..
1354 1607 1498 1652 Tertio,

116 1676 283 1727 primam
313 1682 456 1726 partem
489 1678 668 1719 πολιτικῆς
699 1676 878 1727 χοςηγίας,
912 1674 979 1712 effe
1010 1675 1151 1712 civium
1185 1674 1494 1719 multitudinem5

116 1740 330 1784 secundam,
347 1740 470 1778 locum
497 1740 676 1778 civitatis.
731 1740 892 1784 Quarto,
920 1740 1046 1777 statuit
1073 1740 1372 1790 magnitudinem
1401 1739 1494 1776 civi-
1506 1741 1685 1791 Undenam

117 1804 209 1841 tatis
237 1817 313 1841 non
342 1817 388 1840 ex
417 1803 658 1840 multitudine
689 1803 941 1841 habitatorum
971 1803 1225 1841 aestimandam
1254 1802 1335 1847 effe,
1360 1803 1420 1840 sed
1446 1815 1493 1840 ex
1506 1786 1695 1860 Ξῗξέζξὼ

118 1869 290 1920 potentia
322 1875 362 1906 et
391 1867 579 1911 facultate,
609 1880 684 1918 qua
715 1881 809 1918 opus
840 1867 947 1905 suum
979 1867 1190 1905 officiumve
1221 1866 1326 1918 poffit
1354 1868 1496 1918 optime
1508 1871 1712 1913 magnitudo.

117 1933 305 1985 perficere,
342 1933 381 1970 id
411 1933 478 1978 est,
516 1933 562 1971 ad
596 1932 811 1970 felicitatem
848 1934 1042 1970 commode
1076 1933 1279 1984 pervenire.
1333 1933 1498 1983 Ideoque

119 2007 298 2050 magnam
326 2008 408 2035 eam
427 1996 496 2034 esse
513 1997 719 2042 civitatem,
740 2011 826 2047 quae
853 1998 960 2035 beata
986 1998 1030 2034 fit
1043 2014 1056 2045 3
1086 1997 1281 2047 majorem,
1300 2011 1386 2049 quae
1411 1999 1498 2035 bea-

116 2064 218 2111 tior3
251 2063 472 2107 maximam,
497 2076 582 2113 quae
605 2062 818 2100 beatiffima.
876 2063 1040 2108 Quinto,
1071 2063 1212 2101 etiamsi
1239 2064 1499 2111 concederetur

116 2137 163 2167 ex
183 2128 426 2167 multitudine
446 2128 695 2166 habitatorum
715 2127 891 2166 aestimari
917 2129 1046 2167 debere
1074 2129 1375 2180 magnitudinem
1404 2130 1497 2167 civi-

117 2195 220 2238 tatis,
240 2195 338 2245 quod
358 2202 483 2231 tamen
512 2193 669 2231 minime
686 2193 736 2231 est
753 2194 1042 2237 concedendum,
1062 2199 1135 2232 non
1156 2194 1224 2232 effe
1242 2202 1436 2245 propterea
1451 2209 1498 2232 ex

118 2260 285 2310 qualibet
315 2258 569 2302 multitudine,
599 2266 692 2309 puta
721 2258 923 2304 servorum,
956 2259 1241 2309 inquilinorum,
1276 2261 1335 2297 sed
1368 2273 1498 2307 eorum

117 2324 187 2375 qui
207 2324 356 2375 proprie
382 2323 468 2362 sunt
494 2329 616 2374 partes
642 2323 819 2367 civitatis,
839 2325 990 2374 verique
1006 2325 1117 2369 cives,
1133 2331 1177 2362 ut
1196 2324 1280 2362 sunt
1300 2326 1371 2362 viri
1390 2326 1496 2373 boni,

114 2389 232 2434 docti,
265 2389 411 2433 divites,
442 2389 596 2432 nobiles,
627 2388 778 2427 milites.
834 2389 958 2434 Sexto,
993 2389 1152 2427 nimiam
1181 2389 1431 2440 frequentiam
1461 2397 1499 2428 et

119 2454 402 2491 multitudinem
423 2453 620 2490 hominum
640 2461 714 2490 n'on
734 2453 828 2503 posse
848 2453 1004 2492 feliciter
1021 2454 1169 2492 bonisve
1197 2455 1342 2505 legibus
1361 2457 1497 2505 guber-

118 2518 214 2562 nari,
232 2527 319 2555 curn
342 2518 546 2555 multitudo
573 2518 694 2555 nimia
723 2517 862 2555 ordinis
889 2519 1074 2570 particeps
1093 2533 1169 2557 non
1189 2521 1231 2557 fit
1251 2536 1260 2557 :
1291 2521 1348 2558 lex
1370 2526 1499 2563 autem

115 2583 206 2620 ordo
223 2583 279 2620 fit.
335 2582 421 2619 Hoc
439 2581 539 2619 enim
560 2582 727 2632 praestare
745 2582 883 2620 divinae
910 2584 1060 2622 virtutis
1079 2584 1142 2629 est,
1162 2598 1247 2635 quae
1267 2598 1390 2622 rerum
1409 2587 1497 2624 uni-

115 2647 323 2684 vertitatem
337 2646 503 2684 continet
520 2653 557 2684 et
575 2647 769 2696 gubernat.
825 2648 1004 2698 Septimo,
1022 2649 1200 2693 civitatis,
1218 2656 1260 2686 ut
1279 2657 1316 2687 et
1336 2650 1496 2688 aliarum

117 2725 257 2756 rerum,
290 2713 512 2750 animalium
557 2711 703 2755 scilicet,
741 2712 969 2763 plantarum,
1012 2727 1169 2764 operum
1215 2713 1501 2755 artificiosomm

117 2777 224 2815 suam
242 2777 308 2815 esse
324 2777 516 2815 definitam
546 2778 843 2828 magnitudinem
863 2791 905 2816 ac
926 2780 1080 2817 modum
1098 2795 1107 2817 z
1139 2780 1220 2817 ideo
1238 2793 1312 2817 non
1332 2780 1398 2818 effe
1414 2795 1498 2820 eam

119 2843 325 2891 civitatem,
341 2856 429 2894 quae
446 2842 608 2882 nimium
627 2843 754 2895 paucis
771 2843 915 2883 civibus
932 2845 1069 2887 constet
1086 2859 1099 2883 τ
1125 2845 1174 2883 fic
1195 2845 1297 2886 enim
1325 2859 1400 2891 non
1429 2846 1497 2885 elle

801 2907 823 2946 s
833 2920 854 2946 2
