1904 3308
440 247 528 316 cviii
919 246 1368 288 ARISTOTELIS

467 364 505 407 5.
532 353 727 400 Platonicae
757 330 964 406 reipublicae
996 357 1291 394 communionem
1320 357 1623 407 patrimoniorum
1660 359 1785 409 impu-

597 416 711 458 gnat:
739 408 952 446 divisionem
972 411 1175 458 quinetiam
1194 411 1332 446 civium
1352 411 1387 447 in
1407 420 1520 448 certas
1536 412 1655 450 classes
1706 424 1784 459 412

467 461 504 499 6.
531 459 692 499 Platonis
719 461 868 498 alteram
898 462 1104 511 reipublicae
1133 463 1425 500 constitutionem
1446 464 1546 501 libris
1565 465 1716 503 X11.de
1735 466 1788 502 le-

594 514 700 563 gibus
720 515 888 553 traditam
907 516 1094 552 examinat
1707 527 1785 568 417

469 574 503 617 7.
533 567 571 604 A
590 567 719 603 Phalea
738 567 983 604 Chalcedonio
1002 568 1248 606 introductam
1269 568 1478 618 reipublicae
1491 569 1785 608 constitutionem

597 619 783 656 examinat
1738 635 1785 660 22

468 669 504 710 8.
532 672 595 709 Ab
626 672 663 708 H
666 672 863 760 :ippodamo
896 673 1038 710 Milesio
1068 675 1286 724 propositam
1319 674 1436 711 ideam
1467 674 1673 724 reipublicae
1704 636 1787 725 ger-

594 736 663 774 pen
692 731 721 760 it
1707 739 1756 774 42

467 789 505 827 9.
533 776 891 814 Lacedaemoniorum
912 784 948 814 et
966 777 1116 816 Cretum
1137 779 1351 828 respublicas
1366 781 1553 818 examinat
1707 792 1755 827 43
1764 737 1788 817 ζ’

446 842 504 868 10.
533 830 591 867 De
610 830 832 867 Cretensium
853 831 1037 880 republica
1054 831 1216 881 disputat
1706 832 1786 880 438

445 894 505 921 11.
534 882 887 931 Carthaginiensium
908 885 1169 932 rempublicam
1190 885 1379 922 examinat
1706 895 1781 933 441

445 945 506 974 12.
534 935 814 972 Atheniensium
835 937 1098 985 rempublicam
1119 935 1314 975 considerat
1706 947 1783 988 445

931 1010 1072 1048 LIBRI
1098 1011 1293 1050 TERTII.

471 1084 505 1111 1.
536 1073 594 1110 De
612 1071 731 1110 forma
750 1072 923 1116 civitatis,
947 1075 990 1111 de
1019 1074 1148 1124 politia
1175 1074 1321 1120 scilicet,
1340 1081 1480 1114 certum
1499 1072 1699 1125 subjeetum
1719 1077 1786 1114 ha·-

598 1126 718 1166 bente‚
735 1139 838 1175 agere
858 1122 1014 1164 instituit
1707 1133 1786 1178 449

467 1188 506 1217 a.
532 1179 590 1216 De
609 1179 748 1229 politiae
768 1179 918 1217 materia
936 1180 1105 1230 proxima
1124 1181 1325 1231 generatim
1353 1181 1444 1232 agit,
1461 1172 1507 1219 de
1532 1181 1671 1218 civibus
1690 1180 1786 1218 scili·

597 1248 654 1279 cet
807 1248 811 1252 '
1707 1257 1734 1292 4
1763 1255 1785 1282 2

465 1307 505 1343 3.
534 1295 700 1332 Alteram
722 1295 859 1348 politiae
887 1296 1076 1334 materiam
1105 1297 1328 1347 proximam,
1345 1297 1531 1335 civitatem
1558 1296 1705 1342 scilicet,
1724 1254 1785 1347 g5e

599 1349 752 1385 neratim
774 1344 931 1399 explicat
1706 1359 1782 1400 453

465 1413 504 1450 4.
532 1400 590 1438 De
608 1395 772 1438 civibus·
765 1415 802 1438 m
822 1401 936 1451 specie
953 1398 1043 1463 agit,
1062 1409 1097 1439 et
1115 1396 1278 1453 primum
1297 1403 1341 1440 de
1357 1402 1524 1453 perfectis
1541 1403 1681 1440 civibus
1706 1416 1731 1450 4
1735 1414 1756 1452 5
1761 1411 1784 1453 5

466 1465 504 1505 5.
535 1454 613 1491 Qui
631 1455 726 1491 cives
747 1454 950 1504 imperfecti
969 1443 1051 1498 sint,
1069 1456 1222 1493 ostendit
1705 1456 1784 1506 458

466 1507 504 1559 6.
532 1508 590 1544 De
604 1506 722 1544 forma
742 1507 947 1556 reipublicae
965 1509 1152 1557 quaeritur,
1167 1522 1212 1546 an
1233 1520 1307 1546 una
1321 1508 1362 1545 sit
1347 1516 1416 1545 tet
1434 1509 1584 1560 simplex
1706 1509 1784 1556 460

471 1569 504 1609 7.
535 1560 762 1609 Reipublicae
781 1561 936 1598 formam
957 1560 1201 1612 multiplicem
1215 1556 1280 1598 effe
1297 1561 1454 1599 declarat
1706 1562 1781 1609 463

469 1611 505 1650 8⁴.
534 1611 589 1649 Ex
618 1608 775 1673 subjecia
803 1610 967 1656 materia,
987 1616 1059 1651 hoc
1081 1609 1142 1659 est,
1159 1628 1203 1652 ex
1221 1608 1374 1659 civibus,
1393 1607 1549 1651 formam
1577 1614 1784 1664 reipublicae

600 1667 740 1713 variare
758 1666 911 1703 ostendit
1695 1667 1785 1727 464

465 1729 504 1768 9.
533 1718 590 1756 Ex
620 1715 823 1756 diversitate
855 1718 949 1769 ju‘ris
979 1732 1044 1757 ceu
1075 1714 1202 1757 forma
1224 1714 1368 1770 imperii
1400 1719 1617 1770 respublicas
1648 1720 1784 1756 variare

459 1817 465 1821 ι
597 1771 750 1808 ostendit
1706 1773 1784 1819 466

444 1836 505 1862 10.
533 1824 592 1861 De
619 1821 791 1861 varietate
824 1825 967 1874 imperii
999 1822 1063 1862 ceu
1094 1821 1213 1862 forma
1240 1824 1446 1875 reipublicae
1474 1826 1512 1862 in
1538 1837 1666 1874 genere
1696 1825 1785 1874 agit,

597 1878 750 1927 quinam
768 1878 944 1927 imperare
962 1879 1115 1915 debeant
1704 1878 1793 1927 469

445 1925 504 1968 ῙἸ.
536 1930 593 1967 De
613 1930 757 1991 imperii
777 1931 948 1969 varietate
967 1932 1004 1967 in
1026 1929 1152 1982 specie,
1171 1930 1423 1968 hominibusne
1441 1941 1488 1967 an
1506 1930 1648 1979 legibus
1668 1931 1791 1980 magis

597 1983 789 2020 conveniat
1708 1994 1785 2031 410

445 2048 502 2073 12.
532 2037 587 2073 Ex
616 2037 694 2090 ipso
722 2036 805 2080 fine,
836 2035 971 2073 formas
1004 2036 1212 2086 reipublicae
1242 2035 1377 2073 variare
1407 2034 1619 2079 ostensurus,
1647 2036 1784 2073 bonum

597 2087 785 2139 publicum
807 2087 926 2138 primo
945 2090 1133 2139 investigat
1709 2099 1787 2137 474

443 2140 504 2192 1'3.
532 2143 589 2180 Ex
634 2142 720 2179 boni
766 2142 905 2193 publici
947 2143 1162 2188 diversitate,
1198 2141 1412 2192 respublicas
1455 2141 1592 2179 variare
1634 2141 1787 2178 demon·
1770 2162 1795 2189 -ζ

597 2195 681 2232 strat
1761 2195 1786 2231 6

443 2248 503 2297 1‘4.
530 2248 759 2298 Reipublicae
778 2248 886 2298 regiae
905 2247 1036 2298 species
1054 2255 1196 2285 enarrat
1707 2204 1783 2294 231

443 2311 503 2353 15.
532 2302 670 2340 Utrum
706 2314 856 2351 regnum
890 2301 1097 2339 universum
1132 2302 1228 2338 inter
1261 2301 1374 2338 bonas
1409 2299 1616 2350 reipublicae
1650 2298 1688 2335 fo
1691 2312 1787 2336 rmaa

594 2355 849 2391 connumerari
867 2355 993 2391 debeat
1708 2352 1787 2400 484

443 2407 504 2445 16.
532 2407 670 2444 Utrum
691 2420 846 2457 regnum
866 2407 1013 2457 plenum
1042 2407 1198 2452 dictum,
1217 2407 1312 2444 inter
1336 2408 1447 2443 bonas
1468 2403 1681 2455 respublicas
1699 2418 1787 2441 cou

596 2461 777 2496 numerari
796 2460 936 2503 debeat,
957 2473 999 2497 ex
1020 2460 1173 2497 aliorum
1195 2461 1368 2497 sententia
1386 2458 1528 2496 dubitat
1708 2457 1784 2505 487

444 2525 503 2563 17.
533 2514 589 2550 Ex
610 2513 670 2549 sua
691 2514 865 2550 sententia
882 2514 924 2550 de
944 2526 1054 2563 regno
1073 2514 1180 2563 pleno
1208 2514 1301 2550 inter
1327 2514 1440 2549 bonas
1466 2510 1680 2560 respublicas
1698 2523 1787 2547 con-

597 2567 822 2602 numerando
841 2566 1074 2616 quaestionem
1094 2567 1228 2603 decidit
1709 2574 1787 2611 490

443 2618 502 2656 18.
532 2618 730 2656 Efficientis
759 2618 905 2669 insuper
935 2619 1096 2670 respec‘tu
1126 2620 1244 2656 varias
1272 2610 1623 2668 rerumpublicarum
1651 2615 1788 2653 formas

595 2672 659 2709 effe
677 2672 830 2710 ostendit
908 2701 915 2709 .
1709 2680 1787 2719 492

921 2746 1062 2783 LIBRI
1092 2743 1316 2784 QUARTI.

469 2820 503 2847 1.
532 2809 682 2847 Reffiam
704 2810 855 2846 docendi
875 2809 973 2846 viam
994 2810 1160 2854 ostendit,
1188 2823 1208 2846 a
1236 2823 1309 2859 qua
1338 2809 1402 2858 qui
1429 2808 1663 2850 desciverunt,
1683 2819 1788 2844 man—

593 2875 653 2900 cas
672 2862 711 2899 in
730 2864 798 2900 hoc
816 2870 1033 2913 argumento
1050 2870 1087 2900 et
1107 2864 1254 2901 inutiles
1273 2861 1504 2900 tra&ationes
1521 2862 1663 2898 edidere
1708 2872 1759 2911 49
1762 2872 1784 2908 3
