1904 3308
292 183 675 228 POLITICORUM
701 182 1068 224 ARISTOTELIS.
1096 182 1170 221 111.
1205 191 1266 234 17,
1297 181 1360 220 18.
1443 181 1507 220 xlv

131 296 243 338 fleant
269 312 373 353 pares
400 303 437 336 et
463 297 597 336 fimiles
627 295 733 335 fimul
759 296 887 334 debere
908 293 1094 332 dominari
1109 310 1121 340 ς
1152 292 1353 344 praesertim
1374 293 1398 330 fi
1418 292 1509 330 boui

127 359 199 401 fint
217 371 253 402 et
269 362 549 416 prudentiffimi.
603 361 689 400 Hoc
714 365 978 412 argumentum
1004 356 1133 395 efficax
1149 357 1198 395 est
1217 370 1285 408 pro
1305 357 1509 395 Aristocra-

127 428 196 466 tia.

549 533 611 573 Ad
629 534 716 586 Cap.
735 531 1083 585 decimumseptimum.

184 620 305 660 Docet
338 621 461 673 primo
488 622 608 659 varias
635 620 701 659 effe
732 619 928 658 hominum
959 621 1005 658 ad
1034 617 1206 657 Politiam
1236 617 1503 669 propenfiones,

131 677 240 726 Alios
251 687 350 725 enIm
367 686 472 724 facile
485 685 604 724 servili
618 692 654 723 ct
667 685 851 736 despotico
862 685 1018 736 imperio
1030 683 1174 728 subesse,
1191 689 1234 720 ut
1249 682 1333 721 sunt
1347 683 1506 727 barbari,

128 753 174 789 de
193 752 329 802 quibus
343 751 409 789 lib.
424 751 448 788 i.
469 750 577 788 Polit.
599 750 688 788 alios
708 750 835 801 sponte
853 750 954 799 regio
973 749 1130 801 imperio
1148 761 1296 799 parere3
1321 748 1411 786 alios
1430 748 1504 786 ari—

128 815 341 862 stocratic05
362 815 452 853 alios
468 815 582 853 civili.
610 816 790 861 Secundo,
810 815 881 853 tria
900 817 1007 852 bonae
1022 815 1234 866 reipublicae
1254 827 1401 864 genera,
1420 825 1504 865 reg·

129 891 237 926 num,
255 880 531 926 aristocratiam,
550 887 586 918 et
605 880 872 931 rempublicam
894 880 960 918 effe
977 878 1176 917 secundum
1197 886 1368 917 naturam
1389 895 1399 923 ς
1427 879 1503 917 alia

128 958 214 984 vero
233 946 302 984 tria
316 946 375 984 his
389 946 568 998 oppofita,
581 952 710 983 contra
724 951 910 984 naturam.
936 945 1079 989 Tertio,
1093 958 1179 995 quae
1193 944 1367 996 superiori
1381 944 1502 995 capite

130 1011 232 1049 dieta
251 1011 333 1048 sunt
352 1018 481 1048 contra
499 1023 669 1061 regnum,
689 1023 773 1048 vera
791 1010 859 1048 effe
877 1011 915 1047 in
936 1010 1121 1061 republica
1140 1009 1242 1047 civili
1262 1016 1298 1047 et
1318 1008 1509 1061 populari,

131 1089 217 1127 quae
244 1076 293 1113 est
320 1077 501 1113 bonarum
531 1075 738 1126 postrema;
768 1075 859 1125 quia
884 1075 980 1113 cives
999 1075 1038 1112 in
1059 1088 1100 1112 ea
1118 1088 1246 1112 omnes
1275 1087 1379 1125 pares
1405 1074 1502 1118 sunt,

131 1141 268 1191 quibus
296 1141 377 1178 ideo
408 1140 580 1178 omnibus
609 1138 784 1190 injustum
814 1140 877 1186 est,
898 1153 1014 1177 unum
1045 1140 1236 1191 imperare.
1294 1142 1458 1186 Quarto,
1476 1141 1500 1177 fi

132 1205 217 1256 quis
244 1219 341 1243 unus
368 1211 466 1243 extet
494 1206 589 1242 inter
612 1205 722 1251 cives,
745 1206 834 1243 adeo
862 1205 1025 1250 illustris,
1046 1212 1082 1242 et
1100 1205 1302 1248 excellens;
1332 1205 1398 1256 qui
1427 1205 1501 1242 vir-

130 1277 223 1316 tute,
242 1271 430 1321 sapientia,
449 1277 486 1308 et
512 1270 663 1308 consilio
690 1270 870 1321 reliquam
899 1270 1178 1308 multitudinem
1209 1270 1372 1308 maxime
1396 1270 1500 1321 supe-

128 1343 183 1374 ret
198 1352 209 1382 ;
238 1349 324 1374 eum
352 1336 480 1373 debere
508 1336 647 1386 Regem
675 1335 756 1380 effe,
785 1343 822 1373 et
850 1336 1020 1373 omnium
1048 1335 1272 1374 dominum:
1304 1343 1340 1373 et
1359 1337 1397 1374 id
1416 1336 1503 1387 qui-

125 1401 210 1439 dem
224 1399 309 1451 jure
327 1403 386 1444 τῆς
405 1403 585 1452 ὑπερβολῆς
610 1401 668 1438 καὶ
695 1403 754 1444 τῆς
782 1403 963 1454 ὑπεροχῆς,
983 1401 1215 1452 praestantiae,
1243 1401 1304 1439 cui
1333 1401 1502 1441 summus

130 1467 247 1504 honor
272 1466 444 1504 omnium
470 1466 646 1517 opinione
671 1466 720 1503 est
747 1465 973 1504 deferendus.
1028 1466 1181 1517 Alioqui
1201 1467 1226 1504 fi
1246 1480 1345 1506 nunc
1365 1468 1424 1505 vir
1442 1467 1504 1506 ille

129 1532 438 1584 praestantiffimus
467 1532 676 1583 imperaret,
694 1545 796 1571 nunc
823 1532 973 1570 viciffim
1002 1539 1156 1583 pareret,
1175 1539 1218 1570 ut
1236 1533 1359 1571 caeteri
1377 1533 1474 1571 cives
1490 1550 1501 1581 ς

128 1611 212 1649 pars
243 1598 328 1636 effet
353 1611 422 1649 par
447 1604 483 1636 et
510 1597 664 1648 aequalis
683 1597 753 1635 toti
773 1613 781 1636 :
811 1598 868 1635 vel
887 1598 999 1635 etiam
1021 1598 1207 1649 praestaret
1226 1598 1308 1644 toti,
1328 1600 1426 1650 quod
1446 1612 1503 1637 re-

128 1670 273 1715 pugnat
294 1669 449 1708 naturae,
466 1662 589 1713 estque
617 1660 793 1712 injustum
821 1668 857 1700 et
883 1670 1013 1699 contra
1040 1662 1136 1713 leges
1158 1661 1313 1713 justitiae
1331 1663 1503 1701 distribu-

130 1729 231 1767 tivae.
285 1729 431 1766 Partem
466 1742 550 1766 vero
579 1729 626 1766 fic
658 1734 779 1766 totum
807 1728 1075 1778 superaturam,
1103 1729 1191 1766 hinc
1219 1728 1373 1773 constat,
1403 1729 1503 1780 quod

130 1790 266 1830 Herois
285 1793 384 1830 illius
403 1793 520 1837 virtue
538 1792 695 1830 aliorum
721 1792 861 1830 civium
893 1793 1043 1830 virtutes
1069 1793 1232 1831 maxime
1252 1793 1419 1844 superet3
1450 1794 1505 1831 ita

130 1863 175 1895 ut
193 1859 324 1895 harum
344 1857 519 1908 respeciu,
540 1858 600 1895 illa
621 1858 662 1895 fit
682 1857 867 1908 quoddam
887 1865 1023 1896 totum.
1078 1858 1212 1909 Itaque
1236 1859 1259 1896 fi
1289 1858 1383 1897 alius
1402 1858 1504 1909 quis-

130 1922 233 1973 piam
259 1922 350 1960 civis
370 1935 446 1960 uno
465 1922 544 1960 ullo
563 1922 686 1960 Heroe
713 1923 821 1972 longe
849 1923 971 1973 quoad
999 1922 1146 1960 virtutis
1166 1923 1422 1962 excellentiam
1443 1924 1503 1962 in-

130 1988 253 2032 ferior,
274 1989 320 2026 ad
339 1988 537 2040 imperium
560 1990 747 2033 evehatur,
766 1989 822 2026 vel
842 1989 953 2026 etiam
983 1988 1104 2039 plures
1132 2002 1208 2027 non
1236 1989 1357 2040 magis
1385 1989 1504 2028 excel-

129 2055 257 2098 lentes,
287 2061 325 2092 et
354 2060 444 2092 tunc
476 2054 597 2091 Heros
627 2053 688 2091 ille
716 2067 812 2091 unus
842 2053 949 2091 subsit
976 2061 1012 2091 et
1041 2061 1180 2105 pareat,
1210 2054 1377 2105 profe&
1403 2069 1503 2107 pars,

128 2119 263 2171 nempe
280 2119 371 2158 civis
391 2119 466 2164 ille,
484 2120 540 2157 vel
559 2133 669 2164 unus,
687 2119 745 2156 vel
765 2119 889 2170 plures
908 2120 953 2156 ad
974 2119 1121 2170 imperii
1139 2119 1304 2158 summos
1332 2122 1502 2166 honores.

127 2192 218 2222 tunc
245 2184 373 2229 evecti,
392 2192 529 2228 totum,
549 2198 683 2235 nempe
711 2185 887 2229 Herem,
907 2198 982 2222 non
1009 2190 1157 2223 tantum
1189 2187 1367 2236 aequabit,
1386 2187 1445 2225 sed
1465 2194 1502 2226 et

126 2249 311 2300 dignitate
328 2249 513 2301 superabit
528 2266 539 2296 3
569 2250 666 2301 quod
685 2249 735 2287 est
754 2248 952 2287 absurdum
980 2256 1020 2287 et
1047 2248 1238 2299 injustum.
1293 2251 1391 2289 Esset
1417 2265 1503 2291 vero

130 2314 251 2352 multo
284 2313 455 2364 injustius
487 2315 596 2352 illum
629 2328 768 2360 necare,
795 2315 852 2353 vel
885 2315 923 2352 in
957 2315 1111 2353 exilium
1143 2315 1286 2366 ejicere,
1314 2319 1371 2355 vel
1403 2319 1502 2358 testae

123 2377 230 2430 jactu
248 2380 317 2418 five
336 2379 558 2427 ostracismo,
577 2380 621 2418 de
640 2394 715 2431 quo
733 2380 852 2431 supra,
871 2381 1062 2431 expellere.
1118 2382 1239 2421 Debet
1265 2396 1354 2435 ergo
1380 2385 1502 2424 Heros

128 2443 203 2491 ille,
221 2457 284 2482 rex
302 2443 369 2482 effe
386 2444 554 2482 summus
572 2445 819 2496 omniumque
836 2449 953 2490 ἁπλὸς
971 2446 1158 2486 dominus.

541 2553 606 2591 Ad
624 2553 711 2606 Cap.
731 2554 1069 2595 decimumofiavum.

180 2637 380 2677 Concludit
400 2639 528 2678 iisdem
553 2641 672 2678 modis
697 2648 734 2678 et
762 2642 903 2680 artibus
932 2643 972 2680 in
1001 2643 1147 2694 optima
1169 2645 1371 2696 republica,
1390 2652 1433 2685 ut
1451 2648 1503 2686 est

128 2702 303 2753 Regnum
321 2711 358 2741 et
376 2704 625 2750 Aristocratia,
643 2706 831 2744 civitatem
849 2713 886 2745 et
903 2708 1025 2745 virum
1054 2710 1195 2746 bonum
1216 2710 1358 2748 institui
1373 2728 1384 2758 3
1413 2725 1500 2751 cum

128 2768 283 2818 optimae
307 2768 538 2819 Reipublicae
565 2769 695 2820 scopus
722 2770 765 2808 fit
793 2771 937 2819 virtu33
968 2780 1080 2824 atque
1099 2775 1189 2812 adeo
1206 2776 1374 2814 eamdem
1393 2778 1502 2816 disci-

1514 1142 1647 1183 Optimo
1661 1150 1694 1176 et

1514 1187 1697 1226 sapientiffi-

1514 1239 1569 1260 mo
1585 1232 1687 1271 impe-

1513 1274 1598 1305 rium
1609 1274 1705 1306 debe-

1514 1327 1551 1349 n.

1513 2386 1591 2429 Cap.
1611 2398 1624 2420 ι
1631 2399 1662 2429 3.

1512 2429 1568 2463 lib.
1585 2433 1630 2467 iii.

1513 2711 1580 2743 Viri
1596 2712 1688 2752 boni,

1512 2761 1543 2786 et
1553 2757 1631 2787 civis
1642 2758 1719 2789 boni

1512 2800 1627 2831 eadem
1641 2803 1686 2832 est

128 2832 287 2883 plinam,
306 2832 587 2880 institutionem,
606 2843 643 2872 et
662 2847 782 2873 mores
799 2837 941 2874 eosdem
962 2837 1042 2881 effe,
1063 2839 1198 2888 quibus
1218 2840 1276 2878 vir
1291 2841 1409 2880 bonus
1423 2842 1501 2882 effi·
1510 2843 1680 2876 institutio.
