1904 3308
488 215 539 252 liv
857 218 1100 258 SYNOPSIS
1127 220 1447 259 ANALYTICA

486 323 584 360 enim
603 324 786 374 contingit
812 326 989 376 ignobiles
1016 335 1051 364 et
1078 341 1251 378 pauperes
1279 328 1408 377 saepius
1435 328 1598 379 praestare
1627 327 1838 377 quantitate

486 386 556 422 five
586 400 762 426 numero:
792 390 943 427 Nobiles
972 399 1006 427 et
1036 391 1178 434 divites,
1205 399 1240 428 et
1272 393 1418 429 virtutis
1445 393 1612 435 cultores,
1639 392 1829 440 qualitate.

486 449 571 487 Hoc
598 454 711 500 pofito
737 453 859 490 statuit
887 454 936 490 ibi
965 454 1028 490 effe
1056 462 1180 492 natam
1211 455 1493 498 Democratiam,
1511 468 1664 504 eamque
1687 455 1829 494 civitati

481 517 575 551 tunc
593 515 774 564 optimam
794 517 971 559 advenire,
990 518 1052 554 ubi
1073 531 1273 567 pauperum
1300 518 1499 555 multitudo
1517 518 1661 567 praestat
1679 519 1828 568 quanti-

483 582 571 622 tate,
593 577 744 628 plusque
762 580 875 628 potest
891 593 1002 628 quam
1022 581 1178 617 divitum
1198 588 1261 618 aut
1280 582 1459 618 nobilium
1478 594 1574 630 opes·
1627 581 1724 619 Cum
1743 594 1827 619 vero

481 639 611 677 divites
639 648 676 678 et
701 643 839 679 nobiles
869 644 1052 692 praestant,
1082 645 1270 694 magisque
1297 645 1472 694 qualitate
1499 645 1692 688 excellunt,
1712 658 1825 694 quam

482 703 693 753 superentur
711 706 932 755 quantitate,
953 707 1004 744 ibi
1023 708 1243 744 utiliffimam
1262 709 1326 745 effe
1345 708 1608 759 Oligarchiam.
1661 709 1711 746 Et
1736 710 1826 746 tales

481 766 708 817 Respublicae
735 770 908 806 dicuntur
935 772 1038 808 bonae
1056 785 1099 807 ex
1118 773 1317 821 hypothesi,
1337 773 1372 809 id
1392 773 1441 809 est
1460 772 1618 822 respectu
1642 771 1750 822 hujus
1768 773 1827 810 vel

479 830 578 868 illius
596 832 767 870 civitatis.
824 834 1009 871 Admonet
1036 836 1101 872 hoc
1128 836 1206 872 loco
1234 836 1439 873 Aristoteles
1460 836 1651 873 Politicum
1680 837 1824 875 Nomo-

479 895 632 940 thetam,
650 903 691 932 ut
711 896 805 946 leges
826 898 871 933 fic
889 905 1077 947 temperet,
1105 906 1147 935 ut
1173 911 1232 937 eas
1260 900 1306 936 ad
1335 900 1471 955 medios
1495 900 1603 944 cives,
1623 901 1667 936 de
1686 901 1821 949 quibus

478 956 599 1006 supra,
634 957 775 997 referat.
830 961 933 998 Hinc
962 961 1060 999 enim
1091 961 1254 999 futuram
1285 963 1564 1012 Rempublieam
1590 963 1822 1003 stabiliorem.

478 1022 606 1058 Errare
633 1030 753 1059 autem
781 1036 841 1061 eos
870 1024 1037 1062 Politicos
1057 1027 1295 1069 vehementer,
1314 1027 1379 1075 qui
1396 1027 1666 1064 Arifiocraticas
1684 1027 1820 1066 formas

476 1084 612 1122 efficere
630 1087 771 1131 volunt,
801 1088 884 1137 plus
911 1089 1100 1126 tribuendo
1126 1089 1299 1126 divitibus
1327 1103 1437 1140 quam
1455 1091 1602 1140 egenis:
1632 1092 1688 1128 vel
1708 1093 1820 1129 etiam

477 1149 576 1197 quod
603 1149 758 1187 deterius
786 1151 848 1194 est,
878 1152 1055 1202 populum
1088 1152 1416 1196 circumveniendo,
1444 1160 1480 1190 et
1506 1154 1610 1191 malis
1637 1155 1773 1192 artibus
1799 1168 1822 1192 a

267 1202 704 1261 P¹⁰⁵¹10⁶e¹3tReipublicae
731 1214 1040 1253 administratione
1067 1216 1299 1253 excludendo.
1355 1217 1439 1254 Plus
1458 1210 1563 1253 'enit'n
1588 1230 1712 1255 nocere
1730 1218 1820 1256 Rei-

265 1254 464 1328 fflgspffissssi*
474 1275 630 1326 publicae
648 1276 926 1326 locupletiorum
945 1283 980 1315 et
999 1279 1244 1328 potentiorum
1264 1278 1424 1323 divitias,
1444 1292 1553 1328 quam
1575 1280 1708 1329 exigua
1724 1281 1819 1318 bona

265 1331 394 1368 tiorum,
422 1376 427 1381 ,
474 1351 690 1389 pauperum,
718 1346 753 1377 et
781 1340 886 1378 facile
916 1342 1108 1392 populum,
1128 1355 1214 1379 cum
1244 1342 1277 1379 se
1303 1355 1323 1379 a
1351 1342 1554 1391 Republica
1576 1343 1763 1393 exclusum
1781 1349 1818 1381 et

265 1382 444 1452 ἓξὲᾞοῐΐ
473 1401 676 1451 oppreffum
702 1402 823 1448 sentit,
845 1404 883 1441 in
902 1404 1096 1454 optimates
1125 1405 1314 1454 insurgere.
1369 1404 1514 1453 Ἀνάγκη
1533 1404 1718 1458 γαὲς”χςόιῳ
1738 1409 1818 1446 ποτὲ

265 1466 451 1497 paupefflm·
475 1467 509 1502 ἔκ
526 1469 588 1503 τῶν
607 1465 734 1511 ψευθῶν
751 1465 904 1514 ἀγαθῶν,
929 1467 1050 1511 ἀληθὲς
1077 1471 1246 1517 συμβῆναι
1274 1470 1384 1507 κακόν,
1442 1470 1569 1521 Neceffe
1585 1470 1669 1507 enim
1685 1471 1742 1519 qst,
1762 1471 1819 1507 in-

473 1528 568 1577 quit,
582 1530 748 1582 progrqffic
774 1531 922 1582 temporis
948 1531 1128 1583 aliquando
1152 1544 1193 1570 ex
1207 1532 1312 1582 salfis
1335 1532 1437 1576 bonis,
1456 1545 1572 1570 verum
1598 1532 1724 1578 malum
1742 1547 1818 1572 con-

473 1600 608 1642 ungere.

898 1699 960 1737 Ad
978 1700 1063 1751 Cap.
1084 1700 1389 1738 decimumtertium.

525 1783 641 1821 Dolos
659 1784 860 1833 callidaque
884 1786 1041 1830 confilia,
1061 1786 1194 1836 quibus
1213 1786 1251 1822 in
1270 1785 1485 1835 Oligarchia
1503 1785 1640 1824 nobiles
1663 1792 1700 1823 et
1725 1800 1817 1837 opu-

471 1846 560 1885 lenti
578 1853 703 1884 contra
721 1849 877 1897 plebeios
894 1855 930 1886 et
947 1861 1119 1899 pauperes
1146 1855 1313 1892 utuntur,
1329 1856 1366 1886 et
1392 1849 1540 1886 viciffirn
1558 1850 1598 1887 in
1615 1850 1816 1889 Democra-

471 1910 525 1946 tia
542 1911 673 1959 plebeii
694 1918 730 1948 et
747 1912 937 1955 tenuiores,
954 1919 1079 1949 contra
1100 1913 1302 1962 opulentos,
1321 1920 1462 1964 enarrat
1480 1926 1521 1950 ac
1539 1914 1704 1952 recenset.
1758 1916 1815 1953 Ut

472 1971 569 2008 enim
591 1973 626 2008 in
646 1972 860 2022 Oligarehia
879 1974 1073 2023 locupletes
1091 1974 1153 2011 fibi
1172 1981 1286 2011 totam
1307 1975 1589 2024 Rempublieam
1608 1977 1811 2022 vendicent,

471 2042 508 2072 et
526 2037 702 2086 populum
725 2038 946 2087 relinquant,
967 2038 1131 2086 quinque
1159 2039 1306 2075 technas
1334 2039 1402 2075 five
1428 2039 1540 2077 malas
1567 2047 1672 2083 artes,
1691 2042 1813 2090 σοφίσ-

468 2117 570 2149 ματα
600 2101 658 2139 καὶ
686 2101 1010 2150 κατασκευάσματα
1036 2109 1140 2139 vocat
1165 2102 1388 2146 Aristoteles,
1415 2102 1567 2147 struunt,
1593 2105 1814 2142 obtendunt-

260 2165 438 2216 Doliartes-
470 2178 554 2214 que.
607 2166 729 2202 Prima
745 2165 794 2202 est
813 2165 882 2215 περὶ
903 2166 1090 2208 ἐκκλησίαν,
1110 2165 1148 2202 in
1165 2166 1336 2204 concione
1365 2167 1434 2204 five
1460 2167 1646 2211 comitiis,
1665 2169 1709 2206 ad
1728 2182 1812 2218 quae

260 2210 458 2285 fflssfhgar'
469 2230 616 2278 quidem
641 2229 792 2266 comitia
819 2229 984 2266 veniendi
1004 2227 1179 2265 neceffitas
1196 2229 1334 2279 paucis,
1350 2229 1463 2279 iisque
1480 2230 1673 2269 ditioribus
1691 2231 1812 2282 impo-

469 2294 570 2329 nitur
581 2308 590 2337 3
621 2292 843 2328 tenuioribus
873 2305 946 2328 non
978 2292 1093 2337 item5
1129 2291 1201 2328 illis
1231 2290 1364 2328 scilicet
1392 2292 1529 2329 indicta
1559 2294 1724 2339 mulcta5
1754 2294 1811 2331 his

467 2355 530 2392 suo
548 2355 697 2392 arbitrio
720 2354 869 2399 relicliS.
923 2355 1024 2392 Nam
1056 2355 1124 2391 hac
1152 2361 1228 2391 arte
1254 2355 1400 2392 ditiores
1417 2369 1563 2392 ornnem
1582 2358 1729 2393 tandem
1748 2371 1810 2394 co-

467 2419 658 2458 mitiorum
679 2419 887 2469 potestatem
911 2419 956 2455 ad
983 2418 1017 2455 se
1043 2420 1215 2457 trahunt:
1250 2419 1426 2456 tenuiores
1454 2433 1537 2456 vero
1565 2420 1809 2470 decipiuntur,

465 2483 530 2532 qui
560 2481 678 2520 secum
708 2483 797 2519 bene
824 2482 884 2532 agi
912 2489 1056 2532 putant,
1077 2483 1098 2519 fi
1129 2482 1229 2520 nulla
1257 2483 1393 2520 mulcta
1413 2496 1433 2520 a
1454 2485 1558 2520 rebus
1583 2484 1809 2535 opificiisque

464 2546 536 2582 suis
559 2545 814 2583 distrahantur.
871 2556 906 2583 2.
926 2545 988 2582 Est
1013 2545 1083 2596 περὶ
1111 2543 1173 2588 τοὶς
1203 2544 1325 2596 ἀρχάς,
1354 2546 1392 2582 in
1421 2546 1698 2596 magistratibus,
1717 2561 1810 2598 quos

462 2609 639 2646 divitibus
658 2621 730 2645 non
750 2608 832 2645 licet
849 2607 986 2657 ejurare
1005 2608 1064 2646 seu
1083 2608 1253 2652 recusare,
1273 2610 1356 2646 licet
1383 2611 1617 2649 tenuioribus.
1672 2623 1709 2659 3.
1731 2611 1809 2663 Περὶ

463 2670 678 2724 ἓικοιστῆςιαι,
699 2672 737 2708 in
751 2670 913 2721 judiciis,
932 2685 1016 2721 quae
1034 2672 1058 2708 fi
1076 2685 1148 2708 non
1169 2679 1356 2710 exerceant
1381 2673 1525 2718 divites,
1546 2674 1685 2712 mulcta
1712 2674 1808 2713 affici

461 2734 679 2784 graviffirna,
697 2736 720 2772 fi
740 2735 917 2773 tenuiores
937 2736 1039 2772 nulla
1056 2742 1119 2772 aut
1137 2735 1319 2773 leviffima.
1372 2747 1411 2784 4.
1433 2735 1510 2788 Περὶ
1529 2738 1674 2782 ὅπλισιν,
1693 2738 1732 2776 ἰη
1750 2751 1809 2777 ar.-

463 2798 548 2843 mis,
566 2811 652 2848 quae
677 2799 700 2835 fi
730 2811 802 2836 non
832 2799 989 2839 habeant
1014 2799 1178 2844 ditiores,
1198 2800 1403 2839 multantur
1417 2817 1430 2846 3
1457 2807 1613 2850 egentes,
1640 2801 1806 2845 minime.
