1916 3282
462 197 847 242 POLITICORUM
872 197 1237 240 ARISTOTELIS.
1513 191 1558 232 iii

207 382 411 428 SUMMA
429 387 724 430 LIBRORUM
739 388 1124 429 POLITICORUM
1142 383 1513 427 ARISTOTELIS.

164 467 610 554 REMPUBLICAM,
627 507 820 559 civilisque
836 506 1021 545 societatis
1047 503 1146 556 leges
1165 510 1202 542 et
1220 502 1369 554 optima
1387 501 1557 541 instituta

169 573 388 624 amplissime
407 587 449 612 ac
468 574 714 626 pulcherrime
726 572 974 624 descripturus
988 570 1213 614 Aristoteles,
1231 568 1438 619 disciplinae
1457 566 1556 604 Poli-

168 639 255 677 ticae
288 639 398 677 initia
422 639 536 677 sumit
564 641 611 676 ab
637 639 884 690 explicatione
913 638 1079 689 partium
1111 635 1303 674 civitatis:
1336 646 1429 684 quas
1461 632 1556 670 libro

168 706 294 757 primo
310 706 506 755 diligenter
523 713 650 744 enotat
673 719 716 743 ac
743 704 952 755 distinguit,
971 703 1037 741 ubi
1064 704 1109 740 de
1136 704 1261 746 domo,
1280 700 1440 745 familia,
1459 698 1556 743 vieo,

169 771 322 815 vicinia,
353 771 446 815 viro,
473 783 598 814 uxore,
627 770 817 822 conjugio,
847 771 948 815 hero,
981 768 1095 814 servo,
1123 767 1244 805 servili
1273 765 1444 816 imperio,
1477 771 1556 802 arte

169 835 403 886 quaestuaria,
420 849 456 873 re
475 835 622 880 uxoria,
641 844 678 873 et
696 843 852 886 paterno
869 834 1040 885 imperio,
1060 833 1244 871 uberrime
1262 830 1411 869 disserit.
1449 829 1556 867 Tum

168 914 236 952 pro
257 900 320 938 sua
337 901 493 944 docendi
511 901 653 939 ratione
670 914 712 939 ac
732 901 921 945 methodo,
941 907 1144 950 antequam
1165 897 1241 947 ipse
1269 897 1406 934 statuat
1423 895 1468 932 de
1486 908 1557 945 op-

170 966 267 1005 tima
285 967 484 1017 republica,
511 974 549 1004 et
577 966 806 1017 gubernandi
832 965 954 1004 forma
981 964 1246 1016 praestantiore,
1264 961 1442 1013 proponit
1459 960 1557 1000 libro

170 1031 327 1069 secundo
363 1033 484 1070 varias
518 1032 853 1082 reipublicae„five
887 1030 1169 1083 gubernationis
1203 1029 1369 1067 Politicae
1404 1026 1558 1072 formas,

170 1111 265 1149 quas
285 1098 496 1136 nobiliffimi
516 1098 656 1149 quique
684 1097 904 1148 legissatores
931 1103 1146 1142 tenuerunt,
1165 1102 1231 1133 aut
1259 1093 1472 1144 Philosophi
1498 1106 1557 1130 ce-

171 1163 344 1202 lebriores
370 1163 649 1214 descripserunt.
705 1164 820 1201 Libro
851 1170 976 1201 autem
1005 1163 1114 1200 tertio
1143 1162 1222 1212 agit
1249 1162 1294 1198 de
1323 1160 1502 1205 Civitate,
1522 1166 1560 1197 et

171 1228 266 1274 cive,
296 1229 340 1266 de
372 1229 575 1280 republica,
604 1229 674 1266 five
706 1229 852 1279 politia,
881 1227 1032 1279 ejusque
1064 1227 1209 1271 formis,
1243 1227 1315 1264 five
1347 1225 1559 1276 generibus,

174 1306 288 1344 regno
321 1293 459 1331 scilicet
495 1294 615 1344 (quod
647 1293 812 1344 appellat
845 1307 946 1330 nune
978 1294 1177 1337 βασιλείαν,
1211 1304 1312 1328 nunc
1348 1290 1558 1343 μοναρχίαν)

173 1359 429 1404 Aristocratia,
450 1365 486 1396 et
507 1359 664 1396 Politia:
695 1373 781 1410 quae
798 1359 909 1396 tertia
927 1359 1023 1396 ratio
1042 1357 1235 1411 regiminis
1263 1369 1464 1395 commune
1492 1369 1562 1393 no·

174 1436 261 1460 rnen
290 1416 458 1461 retincti
475 1423 540 1460 ubi
568 1423 682 1460 etiam
713 1424 898 1475 oppositas
927 1423 1157 1474 regiminum
1184 1421 1340 1464 formas,
1367 1421 1561 1471 Tyranni-

170 1489 274 1534 de'm,
305 1487 891 1539 Oligarchiam,Democratia1-n
919 1488 1148 1540 perstringit,
1173 1494 1210 1526 et
1238 1487 1304 1524 sub
1329 1485 1444 1524 finem
1473 1485 1563 1524 libri

174 1554 341 1592 maxime
357 1555 403 1591 de
421 1566 535 1604 regno
553 1553 766 1604 pertraetat.

229 1619 344 1658 Libro
371 1624 505 1670 quarto
534 1619 613 1670 agit
640 1620 685 1657 de
714 1619 938 1670 Republica,
967 1619 1003 1656 id
1035 1619 1086 1656 est
1112 1618 1157 1656 de
1185 1618 1334 1665 Politia,
1359 1618 1468 1656 tertia
1496 1617 1562 1659 illa

174 1684 264 1723 boni
278 1685 472 1736 regiminis
486 1685 624 1723 forma:
649 1685 739 1722 item
754 1686 799 1723 de
818 1685 1070 1731 Democratia,
1083 1685 1117 1722 ei
1133 1684 1564 1735 oppofita301igarchia

173 1752 302 1795 etiam,
320 1758 358 1788 et
371 1751 601 1801 Tyrannide.
655 1751 729 1788 His
757 1749 950 1801 subjungit
972 1751 1140 1796 Senatus,
1158 1749 1419 1800 Magistratus,
1437 1757 1474 1787 et
1496 1748 1561 1800 ju*

174 1815 356 1853 diciorum
375 1815 670 1866 descriptionem.
1229 1809 1232 1811 ’

174 1911 178 1914 .
230 1881 345 1918 Libro
370 1881 520 1930 quinto,
548 1881 594 1926 de
620 1881 732 1918 causis
764 1881 1035 1926 mutationum,
1061 1880 1347 1926 subverfionum,
1371 1879 1564 1919 conserva-

173 1946 324 1984 tionum
345 1946 569 1997 reipublicae,
586 1946 723 1999 traEtat
740 1945 924 1997 sapienter
936 1954 972 1984 et-
991 1945 1148 1997 copiose.
1295 1985 1299 1988 ,

206 2012 344 2050 Libro
370 2011 489 2058 sarto,
515 2012 559 2049 de
587 1995 829 2052 Democratia
855 2019 891 2050 et
917 2012 1138 2063 Oligarcbia
1161 2013 1301 2052 iterum
1325 1996 1490 2061 differit3
1520 2027 1564 2058 eo

172 2078 277 2128 quod
294 2077 358 2115 suo
376 2085 541 2128 tempore
559 2077 716 2116 celebres
736 2078 847 2117 effent
866 2079 924 2116 hae
943 2079 1029 2116 duae
1049 2079 1244 2129 regiminis
1264 2081 1410 2119 formae.

228 2143 343 2181 Libro
369 2142 526 2194 septimo
545 2149 582 2180 et
600 2142 746 2188 oaavo,
765 2144 812 2182 de
829 2144 976 2195 optimo
998 2145 1230 2194 gubernandi
1250 2146 1360 2192 statu,
1381 2143 1563 2198 perfefih·

175 2223 247 2261 que
275 2209 462 2261 republica
487 2210 632 2260 egregie
652 2217 688 2246 et
706 2209 922 2254 luculenter,
943 2217 981 2247 et
998 2224 1043 2247 ex
1063 2212 1213 2261 proprio
1238 2211 1341 2249 sensu
1361 2225 1403 2249 ac
1417 2211 1565 2261 judicio

174 2274 479 2327 philosophatur3
509 2275 688 2324 docetque
721 2275 857 2325 quibus
893 2275 930 2312 in
968 2276 1074 2312 rebus
1110 2276 1257 2326 optima
1292 2285 1329 2314 et
1360 2261 1570 2317 beatiffima

172 2341 315 2379 civium
333 2341 412 2378 vita
430 2340 644 2378 collocanda
662 2336 718 2379 fit.
771 2338 851 2377 Ubi
867 2340 917 2378 de
934 2341 1077 2378 ratione
1094 2342 1246 2379 urbium
1271 2344 1562 2390 condendarum,

172 2406 397 2444 earumfsitu
419 2406 463 2443 et
487 2405 762 2455 magnitudine,
780 2413 884 2460 agro‘
899 2407 944 2448 ad
964 2408 1103 2444 ‘urbem
1132 2409 1377 2445 extruendam
1392 2421 1564 2447 commo-

174 2471 331 2516 diffimo,
364 2470 494 2508 incolis
528 2471 601 2508 five
635 2469 792 2515 civibus,
824 2469 1060 2521 publicorum
1102 2473 1268 2510 locorum
1304 2472 1565 2518 aedificatione,

173 2537 276 2575 reela
294 2536 435 2584 civium
457 2535 704 2581 institutione,
726 2537 982 2582 matrimonio,
1003 2537 1126 2587 ejusve
1148 2539 1357 2576 celebrandi
1384 2546 1566 2591 tempore,

174 2603 300 2641 liberis
319 2602 472 2659 alendis,
490 2608 526 2638 et
546 2601 758 2640 educandis.
812 2603 942 2653 Atque
960 2604 1038 2640 haec
1057 2603 1210 2654 quidem
1234 2606 1435 2656 exequitur
1452 2605 1567 2658 septi-

168 2666 243 2705 ·rno
261 2667 366 2705 libro.

230 2731 379 2770 Obtavo
404 2738 531 2769 autem
557 2733 602 2770 de
631 2732 860 2771 institutione
887 2746 1102 2784 puerorum,
1123 2741 1159 2772 et
1186 2735 1328 2774 artibus
1355 2735 1400 2774 iis
1429 2736 1567 2786 quibua

172 2797 331 2834 debeant
360 2797 580 2842 informari;
609 2798 879 2843 Grammatica‚
899 2800 1155 2850 Gymnastica,
1174 2800 1332 2839 Mufica.
1387 2802 1458 2839 Sed
1482 2815 1568 2853 per—

176 2863 412 2902 incommode
437 2876 483 2901 ae
508 2863 705 2902 infeliciter
731 2863 881 2908 accidit,
901 2871 943 2902 ut
963 2865 1025 2903 hic
1045 2865 1089 2904 fit
1107 2864 1192 2904 finis
1214 2866 1458 2906 Ponticorum
1476 2867 1568 2906 Ari·

837 2943 859 2967 a
882 2941 902 2966 2
