1904 3308
364 149 745 190 POLITICORUM
770 146 1134 189 ARISTOTELIS.
1162 147 1240 186 111.
1273 159 1334 186 12.
1417 146 1547 185 xxxvii

161 261 272 300 modo
288 261 355 300 este
375 262 570 313 triplicem,
589 260 780 315 δημιουργὸν
807 274 942 306 unum,
961 259 1029 312 qui
1056 259 1194 298 scilicet
1220 265 1396 310 operatur
1420 265 1458 296 et
1480 271 1546 296 ex-

157 335 256 365 ercet
282 327 528 372 Medicinam,
547 326 816 380 ἀςχιτεκτοιικὸν
845 325 1019 371 alterum,
1040 324 1106 376 qui
1131 324 1236 362 docet
1254 331 1290 361 et
1310 323 1515 374 praescribit
1530 339 1543 371 5

158 383 311 429 tertium
331 391 603 442 πεπαιδευμένοι,
620 391 688 429 usu
707 391 884 442 peritum,
909 400 947 427 et
976 396 1170 441 expertum
1186 405 1197 436 3
1226 389 1292 426 ubi
1311 389 1418 425 docet
1438 387 1544 438 judi·

156 455 259 494 cium
278 469 352 494 non
372 458 497 494 minus
525 456 707 508 pertinere
725 457 771 494 ad
792 454 857 494 usu
877 454 1028 506 peritos,
1046 467 1160 505 quam
1181 455 1228 491 ad
1248 453 1399 490 scientes
1418 461 1454 490 et
1472 453 1540 490 do-

156 519 247 559 ἃοε.
306 522 423 559 Solvit
452 535 539 572 ergo
565 521 847 559 controversiam
867 522 937 558 hoc
961 518 1083 571 pa6to.
1138 518 1430 556 Multitudinem
1453 518 1539 568 qui-

153 585 239 623 dem
274 587 491 638 popularem
524 587 713 637 sigillatim
747 599 790 624 ac
822 585 1055 624 distributive
1086 583 1292 635 sumptam,
1329 596 1404 620 non
1443 582 1540 633 poffe

154 651 250 689 reae
264 651 431 702 judicare
446 668 458 698 ς
488 652 685 689 universim
708 659 834 689 tamen
853 657 890 689 et
908 650 1113 693 collective,
1134 649 1281 687 collatis
1309 648 1447 686 scilicet
1475 661 1537 686 ca·
1550 648 1690 701 Populus

152 716 306 767 pitibus‚
320 725 355 754 et
374 717 660 755 communicatis
675 717 847 762 confiliis,
861 715 969 768 poffe.
999 716 1136 766 Neque
1154 727 1240 753 vero
1258 715 1304 751 ad
1325 713 1420 752 recte
1433 712 1536 764 judi·
1548 693 1717 778 ῗὲῐιὲῑξῖζ*

153 785 313 822 candum
333 799 425 837 opus
446 785 512 823 effe
530 792 573 823 ut
592 785 658 836 qui
678 786 723 824 de
743 787 849 823 rebus
876 784 1079 836 officiisque
1100 782 1290 835 judicant,
1311 797 1354 820 ea
1373 781 1536 834 perfidia
1547 782 1648 854 gPoest
1659 782 1716 820 ju-

150 847 301 887 scientia
333 857 506 896 teneant;
547 858 614 888 aut
640 851 751 888 etiam
782 851 846 902 ipsi
876 849 1045 894 fecerint,
1071 849 1127 886 vel
1156 848 1409 895 exercuerint5
1448 847 1535 885 satis
1570 833 1663 857 κεῖθ’

148 915 250 951 enim
282 914 348 952 effe
380 922 421 952 ut
452 915 520 952 usu
552 915 698 953 valeant
730 922 767 953 et
798 915 1038 966 experientia.
1096 915 1157 952 Sic
1191 914 1292 952 enim
1327 915 1394 964 qui
1424 914 1534 951 rebus

149 986 321 1029 utuntur,
340 986 382 1017 ut
400 980 526 1025 domo,
542 981 676 1026 calceo,
694 980 800 1025 veste,
817 994 923 1031 aeque
940 981 1031 1018 bene
1048 981 1092 1018 de
1112 979 1157 1017 iis
1169 978 1356 1030 judicant,
1375 992 1422 1016 an
1442 980 1534 1016 bene

148 1045 206 1083 vel
227 1046 322 1084 male
349 1045 528 1085 confectae
557 1047 641 1095 sint,
667 1053 780 1098 atque
810 1048 996 1085 interdum
1028 1047 1172 1091 melius,
1192 1060 1306 1097 quam
1330 1046 1394 1097 ipfi
1414 1044 1534 1083 artifi-
1566 1091 1571 1094 Ι

147 1125 219 1151 ees,
273 1113 357 1151 Pari
390 1113 506 1164 igitur
533 1114 644 1151 modo
671 1114 868 1165 populum,
887 1113 974 1151 licet
1000 1112 1075 1164 ipse
1102 1126 1176 1150 non
1205 1119 1310 1162 gerat
1338 1110 1531 1162 magistra-

147 1183 247 1222 tum,
269 1178 358 1229 quia
378 1185 503 1216 tamen
524 1179 681 1230 imperio
708 1178 942 1229 magistratus
961 1179 1095 1223 utitur,
1115 1178 1176 1215 cui
1197 1177 1311 1214 subest
1329 1183 1366 1214 et
1384 1178 1531 1214 obtem-

144 1251 263 1297 perat,
283 1245 379 1283 recte
396 1245 440 1283 de
460 1258 502 1282 eo
516 1244 695 1295 judicare,
713 1252 749 1282 et
778 1245 997 1295 plerumque
1027 1242 1159 1281 melius
1187 1256 1302 1292 quam
1330 1241 1426 1293 ipsos
1455 1242 1529 1279 im-

144 1315 331 1360 perantes,
353 1310 418 1360 qui
446 1310 510 1348 sua
536 1309 629 1347 vitia
657 1323 731 1347 non
760 1309 898 1347 vident.
954 1307 1159 1346 Concludit
1187 1306 1388 1357 imperium
1417 1318 1528 1357 penes
1541 1311 1723 1353 Imperium,

143 1373 240 1425 leges
266 1375 391 1425 potius
421 1373 487 1412 esse
514 1375 653 1419 debere,
679 1387 794 1424 quam
823 1385 933 1424 penes
962 1372 1146 1417 homines,
1165 1371 1190 1408 fi
1218 1384 1271 1409 eae
1292 1369 1402 1421 justae
1430 1357 1719 1440 sunnfestg‘gsfjm

144 1437 218 1478 Eae
238 1445 363 1476 autem
393 1438 460 1476 efl'e
481 1437 612 1488 justas,
631 1452 717 1489 quae
743 1437 849 1476 bonis
878 1437 1155 1489 rebuspublicis,
1173 1442 1217 1474 ut
1235 1449 1363 1487 regno,
1384 1435 1529 1474 Aristo-

139 1502 280 1547 cratiae,
305 1504 660 1542 accommodantur:
692 1502 864 1554 Injustas,
893 1516 977 1554 quae
1005 1509 1145 1540 contra.
1201 1501 1391 1539 Caeterum
1421 1515 1527 1553 quee-

141 1567 229 1605 dam
248 1567 314 1605 effe
335 1568 568 1620 magistratus
596 1569 767 1619 aequitati
787 1576 823 1606 et
843 1568 997 1606 arbitrio
1017 1566 1258 1618 relinquenda
1275 1582 1286 1610 ;
1315 1565 1406 1617 quia
1427 1566 1527 1617 leges

140 1633 268 1670 omnia
286 1647 359 1671 non
379 1635 568 1685 explicant
588 1643 653 1672 aut
671 1634 1000 1686 comprehendunt.
1058 1633 1162 1670 Hinc
1185 1632 1365 1679 ἐπιείκεια,
1383 1632 1429 1670 de
1448 1644 1526 1684 qua

140 1710 174 1738 c.
200 1710 260 1748 14.
278 1698 306 1738 l.
326 1712 362 1737 v.
381 1700 503 1741 Ethic.
523 1700 569 1739 ad
587 1699 678 1738 Nic.

614 1809 679 1848 Ad
696 1810 782 1862 Cap.
803 1808 1044 1848 duodecimum.

189 1894 328 1932 Statuit
353 1896 493 1933 bonum
522 1896 687 1934 Politicae
714 1897 941 1947 propositum
972 1904 1153 1946 tanquam
1176 1895 1304 1940 finem,
1324 1894 1391 1933 effe
1408 1896 1446 1934 τὸ
1467 1894 1520 1934 δί-

134 1975 238 2002 uata»,
251 1957 327 2009 jus.
381 1960 473 1997 Tale
492 1967 617 1998 autem
631 1961 696 2011 jus
714 1960 781 1999 effe
800 1962 836 1998 id
854 1962 953 2012 quod
973 1962 1149 1998 omnibus
1167 1961 1217 1998 est
1236 1961 1342 1998 utile.
1387 1962 1519 2012 Atque

131 2023 200 2061 hoc
228 2025 377 2075 quidem
411 2026 450 2063 in
478 2025 635 2063 confeffo
661 2026 729 2063 effe
762 2027 860 2077 apud
888 2039 1032 2070 omnes,
1051 2027 1151 2076 quod
1174 2025 1238 2077 jus
1265 2027 1322 2071 fit,
1342 2027 1515 2078 quaedam
1529 2031 1598 2063 Lib.
1609 2042 1642 2066 v.
1654 2042 1684 2066 e.
1701 2044 1731 2075 ³·

130 2088 339 2139 aequalitas,
359 2097 401 2127 ut
420 2090 564 2128 dictum
594 2091 643 2129 est
675 2092 714 2128 in
743 2091 901 2130 Ethicis.
958 2092 1063 2129 Hinc
1092 2091 1191 2129 enim
1213 2092 1305 2142 quia
1322 2083 1602 2143 aequalitas0‘4·

127 2154 280 2205 duplex,
301 2155 563 2200 Arithmetica,
582 2163 618 2194 et
646 2156 909 2203 Geometrica;
939 2157 1015 2194 duo
1043 2156 1156 2194 etiam
1186 2157 1388 2195 constituta
1415 2157 1517 2196 fuere

127 2231 260 2270 genera
270 2218 367 2270 juris
385 2228 421 2258 et
433 2220 603 2271 justitiae,
623 2223 909 2273 permutationis
939 2222 1105 2272 quidem,
1126 2223 1224 2260 unde
1245 2221 1393 2272 justitia
1411 2237 1518 2261 com-

127 2285 336 2332 mutativa3
366 2294 403 2324 et
429 2287 712 2333 distributionis,
743 2288 840 2325 unde
867 2287 1113 2326 distributiva.
1170 2289 1349 2326 Praeterea
1381 2302 1513 2328 omnes

126 2348 333 2387 existimare
346 2348 424 2399 juri
443 2350 510 2387 effe
529 2350 829 2396 consentaneum,
847 2359 890 2389 ut
905 2351 1011 2401 paria
1031 2351 1182 2401 paribus
1197 2351 1432 2389 tribuantur:
1455 2351 1514 2391 sed

125 2414 215 2464 quia
231 2427 422 2465 perperam
443 2414 558 2465 vulgo
588 2414 808 2453 discernitur
837 2422 874 2453 et
901 2416 1106 2454 aestimatur
1135 2416 1199 2454 illa
1226 2416 1392 2467 paritas:
1422 2430 1512 2455 cum

122 2477 187 2515 alii
213 2491 294 2515 eam
322 2477 490 2517 libertate
518 2478 750 2527 metiantur;
778 2480 843 2517 alii
870 2479 1037 2526 divitiis;
1069 2480 1133 2518 alii
1161 2494 1317 2531 genere3
1350 2481 1414 2519 alii
1433 2482 1511 2520 vir-

121 2549 227 2581 tute:
257 2543 356 2581 Scire
374 2550 530 2595 oportet,
551 2545 688 2595 inquit,
709 2558 870 2596 quarum
891 2558 1014 2583 rerum
1043 2546 1086 2583 sit
1113 2546 1324 2597 aequalitas,
1343 2560 1507 2597 quarum

120 2607 354 2659 inaequalitas
369 2625 380 2656 ς
410 2610 482 2646 sive
501 2622 547 2646 an
568 2609 732 2660 qualibet
750 2623 787 2648 re
805 2623 923 2662 panes,
942 2611 1000 2648 vel
1025 2611 1186 2662 impares
1213 2612 1371 2655 debeant
1390 2612 1430 2650 in
1449 2625 1505 2650 re,

88 2672 270 2723 “publica
294 2675 340 2712 de
367 2675 568 2712 honoribus
595 2677 824 2714 contendere.
881 2676 1059 2714 Decernit
1089 2677 1206 2727 igitur
1225 2671 1439 2715 Aristoteles
1465 2678 1505 2716 in

117 2737 374 2777 distribuendis
392 2739 605 2790 reipublicae
634 2741 848 2786 honoribus,
868 2753 943 2778 non
973 2741 1040 2779 effe
1069 2754 1192 2778 rerum
1221 2742 1395 2780 omnium
1423 2741 1505 2793 spe-

118 2802 293 2844 &andam
311 2804 583 2856 aequalitatem,
603 2813 669 2844 aut
689 2805 981 2857 inaequalitatem
998 2823 1010 2853 5
1041 2805 1100 2845 sed
1127 2819 1209 2845 eam
1239 2813 1397 2845 tantum
1416 2821 1503 2860 quae

793 2883 855 2920 03
