1904 3308
273 786 361 836 'Qfio
372 785 458 826 judi-

278 839 402 861 ciorum
412 839 463 871 ge-

276 881 363 904 nera.

265 2757 400 2812 Summa
414 2776 452 2808 li-

264 2824 310 2855 bri
326 2821 439 2863 quinti.

484 233 569 271 {viii
859 237 1101 278 SYNOPSIS
1128 239 1450 278 ANALYTICA

491 342 616 379 modos
643 344 833 381 creationis
861 345 1153 395 magistratuum,
1179 347 1243 397 qui
1274 347 1330 383 vel
1357 348 1462 392 sorte,
1489 347 1544 384 vei
1570 346 1757 390 eleetione,
1776 346 1834 383 vel

489 413 644 455 utraque
661 408 938 447 constituuntur.
991 410 1189 447 Concludit
1216 423 1288 448 non
1315 410 1381 447 effe
1407 411 1529 448 eadem
1558 410 1741 461 potestatis
1768 422 1829 459 ge-

490 465 577 506 xiera
595 470 633 507 in
653 471 934 520 magistratibus,
952 478 994 508 ut
1020 485 1137 523 neque
1164 475 1202 510 in
1229 474 1401 518 exercitu,
1429 482 1465 511 et
1492 475 1531 511 in
1558 475 1662 511 rebus
1685 473 1830 511 forenfi-

489 532 570 570 bus.

921 638 983 676 Ad
1001 639 1084 691 Cap.
1104 639 1400 691 decimumfixtum.

541 721 636 771 Agit
662 722 706 758 de
727 720 887 771 judiciis,
906 731 1008 774 parte
1035 717 1141 762 tertia
1159 725 1397 775 Reipublicae.
1451 727 1510 763 Ac
1537 726 1658 776 primo
1678 724 1831 775 exponit

486 784 569 823 0610
596 799 725 835 genera
746 787 984 836 judiciorum,
1002 790 1071 827 sive
1092 790 1366 835 Tribunalium,
1384 789 1609 841 δικαστηρίων.
1663 789 1829 826 Primum

489 847 682 893 ιύθωτικόυ,
711 851 963 896 εοττεᾶὶνιιηι,
982 854 1079 902 quod
1097 853 1134 890 in
1152 866 1193 890 eo
1210 853 1365 890 confistit
1382 860 1425 890 ut
1440 853 1596 890 rationes
1622 858 1832 902 repetantur

487 924 509 948 a
527 913 806 961 magistratibus,
823 927 870 951 an
894 916 984 952 bene
1011 928 1056 952 an
1084 916 1180 952 secus
1207 915 1240 952 se
1269 916 1306 952 in
1333 915 1397 952 suo
1424 915 1635 965 magistratu
1653 914 1830 964 gesserint.

485 976 705 1021 Secundum,
725 982 851 1014 contra
868 990 928 1015 eos
946 979 1012 1028 qui
1030 977 1159 1028 injuste
1175 979 1314 1028 egerint
1333 979 1371 1016 in
1388 978 1687 1028 Rempublicam,
1704 984 1746 1014 ut
1764 977 1828 1027 qui

483 1052 562 1076 eam
593 1040 841 1089 compilarint,
871 1049 935 1078 aut
964 1041 1100 1079 fuerint
1130 1042 1343 1092 depeculati.
1395 1043 1579 1086 Tertium,
1604 1048 1730 1079 contra
1756 1053 1830 1084 eoS,

484 1103 550 1152 qui
578 1103 615 1140 in
644 1104 776 1141 statum
803 1106 993 1155 publicum
1020 1107 1362 1156 'quomodocumque
1386 1113 1551 1156 peccant,
1569 1111 1612 1142 ut
1637 1104 1721 1142 sunt
1748 1117 1828 1155 per-

483 1166 632 1204 duelles.
688 1167 888 1213 Quartum,
907 1170 951 1206 de
970 1169 1116 1207 muitS‘tis
1135 1178 1171 1207 et
1189 1171 1308 1220 poenis
1335 1168 1516 1219 irrogatis,
1533 1182 1579 1206 an
1599 1168 1828 1218 magistratus

481 1230 598 1266 civem
623 1229 783 1268 nimium
812 1232 1055 1270 muletaverit.
1110 1232 1309 1277 Quintum,
1336 1233 1379 1270 de
1406 1231 1651 1269 contrafflbus
1679 1230 1827 1280 majori-

481 1294 559 1331 bus.
614 1295 763 1333 Sextum
792 1299 930 1347 φονικὸν,
956 1299 1000 1336 de
1027 1299 1135 1343 caede,
1167 1311 1241 1349 quo
1269 1299 1452 1348 pertinent
1479 1299 1636 1341 verbera,
1662 1298 1825 1335 vulnera.

480 1356 599 1407 Cujus
616 1360 724 1397 caedis
743 1361 851 1398 multi
875 1361 958 1399 sunt
987 1363 1098 1400 modi.
1152 1362 1358 1413 Septimum
1387 1362 1518 1408 ξενικὸν,
1543 1362 1588 1409 de
1614 1361 1825 1411 peregrinis.

480 1421 669 1460 Getavum
686 1423 731 1460 de
749 1425 870 1475 parvis
888 1425 1146 1469 contradimus,
1165 1428 1211 1463 ab
1227 1439 1301 1463 una
1323 1427 1496 1463 drachma
1521 1424 1634 1474 usque
1652 1424 1698 1461 ad
1717 1425 1827 1474 quin-

481 1499 565 1536 que,
619 1487 678 1524 Sic
696 1488 854 1525 Athenis
872 1497 974 1526 erant
990 1490 1075 1528 XL.
1094 1489 1165 1527 viri
1191 1490 1255 1540 qui
1283 1490 1529 1539 cognitionem
1557 1489 1738 1525 habebant
1763 1487 1825 1524 de-

479 1562 559 1587 cem
580 1556 723 1587 tantum
742 1552 1014 1595 drachmarum,
1040 1560 1082 1590 ut
1108 1561 1230 1590 narrat
1249 1553 1376 1591 Pollux
1394 1553 1457 1590 lib.
1477 1552 1556 1590 viii.
1608 1552 1752 1588 Deinde
1770 1563 1825 1588 re-

479 1612 616 1662 linquit
643 1615 719 1651 haec
745 1615 789 1652 de
814 1616 1060 1654 contradtibus
1081 1615 1233 1665 judicia,
1252 1617 1339 1653 item
1365 1616 1410 1653 de
1436 1616 1532 1653 caede
1550 1615 1619 1652 five
1635 1614 1823 1664 capitalia,

478 1682 515 1712 et
545 1677 590 1713 de
617 1678 842 1728 peregrinis3
867 1679 1063 1729 statuitque
1095 1681 1139 1717 de
1169 1680 1337 1717 civilibus
1367 1679 1489 1729 potius
1518 1678 1591 1728 effe
1615 1678 1824 1722 dicendum,

479 1753 562 1790 quae
581 1740 714 1778 scilicet
734 1743 851 1792 magis
873 1743 1054 1793 pertinent
1074 1745 1118 1781 ad
1138 1744 1268 1781 statum
1296 1743 1548 1793 Reipublicae3
1576 1748 1613 1779 et
1629 1742 1725 1779 unde
1742 1753 1822 1779 mo-

478 1811 552 1849 tus,
584 1811 620 1841 et
652 1804 853 1850 seditiones,
887 1807 952 1843 nifi
986 1808 1095 1857 probe
1125 1815 1368 1851 exerceantur,
1392 1812 1429 1843 et
1454 1805 1824 1856 Rerumpublicarum

476 1867 716 1906 subversiones
743 1869 878 1906 soleant
906 1871 1066 1908 excitari.
1121 1872 1205 1908 Hoc
1231 1871 1345 1921 posito
1366 1870 1592 1920 judiciorum
1621 1870 1748 1907 modos
1769 1882 1824 1906 re-

475 1932 605 1976 censet,
632 1939 669 1969 et
694 1945 850 1982 quarum
871 1934 1237 1985 Rerumpublicarum
1259 1935 1398 1985 proprii
1416 1935 1498 1977 fint,
1515 1933 1687 1983 explicat.
1741 1934 1823 1971 Sta-

476 1997 550 2033 tuit
578 1995 692 2045 igitur
719 1997 869 2034 modum
897 1998 1052 2047 eligendi
1078 1998 1231 2048 judices,
1261 1998 1317 2035 vel
1343 2011 1387 2037 ex
1414 1997 1585 2035 omnibus
1606 1997 1685 2040 effe,
1705 1997 1823 2034 velex

472 2059 710 2109 quibusdam,
741 2060 798 2097 vel
827 2061 946 2098 mixta
978 2063 1134 2111 quadam
1164 2062 1302 2099 ratione
1331 2075 1376 2099 ex
1405 2069 1559 2111 utroque
1575 2075 1587 2107 ς
1618 2061 1727 2110 idque
1758 2067 1824 2098 aut

474 2122 567 2159 sorte
594 2124 663 2160 five
692 2122 839 2169 sortito3
869 2131 933 2161 aut
959 2124 1131 2162 elefiione
1158 2125 1228 2162 five
1253 2124 1446 2175 suffragi03
1475 2130 1539 2162 aut
1561 2124 1694 2174 partim
1715 2123 1820 2168 sorte,

475 2187 611 2236 partim
643 2186 823 2236 suffragio.
876 2189 925 2226 Et
949 2190 973 2225 si
1001 2202 1045 2225 ex
1072 2190 1244 2226 omnibus
1270 2187 1410 2239 judices
1435 2188 1632 2238 eligantur,
1662 2188 1729 2224 hoc
1754 2187 1821 2224 effe

475 2250 773 2288 Democraticum
791 2265 802 2293 ;
830 2251 854 2287 fi
881 2265 925 2289 ex
953 2250 1167 2301 quibusdam
1187 2253 1255 2289 five
1274 2266 1318 2289 ex
1335 2260 1432 2289 certo
1455 2251 1593 2296 ordine,
1610 2250 1818 2299 Oligarchi-

474 2326 559 2351 cum
573 2330 584 2359 3
614 2314 638 2351 fi
662 2314 797 2368 partim
825 2328 870 2351 ex
895 2322 992 2352 certo
1018 2315 1155 2359 ordine,
1181 2317 1317 2366 partim
1344 2328 1389 2353 ex
1415 2315 1584 2353 omnibus
1603 2314 1673 2352 {ive
1691 2327 1735 2351 ex
1755 2326 1820 2364 po-

474 2377 578 2427 pulo,
595 2377 662 2415 effe
678 2378 974 2417 Aristocraticum
996 2387 1032 2416 et
1051 2379 1259 2418 Politieum.

1039 2539 1239 2562 *-

726 2665 882 2709 LIBER
911 2663 1154 2703 QUINTUS
1179 2660 1565 2703 POLITICORUM.

473 2733 836 2806 ABSOLVITUR
866 2768 1048 2818 capitibus
1081 2768 1272 2806 duodecim
1305 2768 1342 2805 in
1373 2768 1463 2805 duas
1496 2772 1614 2817 partes
1650 2765 1816 2804 redaffis.

471 2831 574 2871 Prior
598 2831 648 2869 est
675 2832 720 2869 de
749 2831 861 2868 caufis
888 2831 1103 2870 seditionum
1131 2839 1167 2869 et
1193 2831 1423 2871 subversionis
1444 2829 1815 2881 Rerumpublioerum
