1904 3308
295 187 676 230 POLITICORUM
702 187 1064 243 ARISTOTELIS.
1091 186 1182 225 vn.
1201 198 1243 239 9,
1264 198 1326 225 10.
1367 174 1524 224 ⁴lxxxvii

150 297 280 336 horum
300 300 442 345 orbata,
462 313 536 339 non
551 301 635 339 esset
654 301 768 352 seipsa
784 305 971 339 contenta.
1018 281 1124 338 Hine
1151 296 1341 336 concludit
1365 293 1523 334 necefl‘a·

147 360 221 399 rios
248 362 314 401 efle
343 365 381 403 in
408 366 560 414 civitate
586 357 794 418 Agricolas,
811 364 981 411 artifices,
999 364 1151 410 milites,
1169 362 1379 415 opulentos,
1397 362 1524 406 Sacer-

146 425 252 464 dotes
270 434 306 465 et
318 426 478 479 judices.

572 533 574 536 ’
623 548 625 550 ·
674 536 736 576 Ad
753 534 995 590 Cap.nonum.

200 621 342 662 Statuit
358 623 396 662 in
415 623 654 663 Democratia
674 625 711 664 in
732 623 807 678 qua
833 623 994 676 populus
1012 623 1186 665 omnium
1204 621 1434 674 dignitatum
1456 619 1522 672 jus

147 687 274 734 habet»
290 702 408 728 unum
437 697 474 727 et
502 691 672 730 eumdem
692 691 789 743 posse
805 690 872 729 effe
893 690 1110 741 agricolam,
1128 687 1323 741 artificem,
1343 687 1522 732 mili-tem,

145 752 314 797 divitem,
343 756 586 802 Sacerdotem,
611 756 799 808 judicem:
831 755 871 794 in
900 755 1119 806 Oligarchia
1152 768 1238 804 quae
1269 753 1521 791 Democratiae

143 819 327 858 contraria
354 821 418 866 est,
449 822 618 860 minime.
670 823 772 860 Tum
799 821 838 859 in
864 821 1008 872 optima
1035 818 1244 874 Republica
1271 833 1356 870 quae
1385 818 1520 856 scilicet
1533 823 1626 854 Cives
1637 823 1722 873 opti-

142 895 258 922 uuam
287 887 421 936 quaerit
448 887 639 933 virtutem,
657 888 753 925 cives
772 900 847 925 non
865 887 992 924 debere
1018 885 1085 923 effe
1109 884 1273 936 opifices,
1293 898 1359 922 nec
1379 897 1519 922 merca-
1532 867 1683 951 aaz}

144 953 263 995 tores;
291 962 378 988 cum
399 951 567 990 homines
595 951 650 989 isti
677 952 793 989 vitam
819 957 934 1002 agant
961 950 1092 988 virtuti
1119 949 1358 995 contrariam,
1377 956 1415 987 et
1432 963 1518 988 ava·
1533 964 1599 984 non
1616 955 1735 1004 debent

143 1013 241 1051 ritiae
258 1015 432 1065 plenam;
464 1031 531 1055 nec
559 1017 763 1068 agricolas3
792 1030 879 1054 cum
911 1017 951 1054 hi
981 1016 1032 1054 rei
1060 1015 1202 1053 rusticae
1230 1015 1327 1054 curis
1357 1016 1428 1053 fint
1455 1015 1518 1053 ad·
1531 997 1591 1072 ἕξ
1606 998 1735 1073 ᾙὲῗέᾶ-

142 1078 249 1124 ditm,
274 1093 340 1118 nec
367 1082 497 1133 possint
523 1096 650 1120 vacare
676 1082 822 1128 virtuti,
851 1081 1132 1131 actionibusque
1158 1075 1334 1132 politicis,
1353 1081 1399 1118 ad
1426 1094 1519 1132 quas
1532 1065 1628 1124 tores,
1644 1086 1726 1126 agri-

143 1145 264 1182 otium
300 1154 337 1184 et
374 1148 478 1197 quies
516 1148 728 1199 requiritur.
782 1147 927 1192 Tertio,
964 1146 1092 1184 statuit
1131 1138 1258 1202 iisdem
1303 1129 1614 1184 hominibus⁶⁰¹³'

143 1210 312 1248 mandari
340 1212 436 1262 posse
465 1226 542 1251 rem
571 1200 785 1257 militarem,
813 1218 852 1250 et
876 1200 1362 1262 judiciorum.i)otessatem,
1381 1211 1439 1249 sed
1461 1211 1519 1250 di-

142 1275 242 1313 verso
275 1283 454 1328 tempore,
485 1285 608 1324 aetate,
639 1291 707 1330 pro
738 1277 881 1315 ratione
913 1277 1135 1327 dignitatis:
1173 1277 1222 1314 Et
1254 1290 1330 1314 rem
1363 1277 1518 1327 quidem

140 1340 340 1379 militarem
359 1343 548 1381 committi
565 1344 692 1381 debere
703 1341 929 1394 junioribus»,
948 1355 1107 1393 quorum
1128 1349 1217 1380 aetas
1237 1341 1415 1379 robustior
1437 1342 1487 1380 est
1504 1357 1514 1380 z

133 1403 279 1454 judicia
310 1421 395 1446 vero
427 1408 642 1454 senioribus,
674 1408 739 1459 qui
775 1408 973 1458 prudentia
1005 1408 1140 1445 valent.
1196 1408 1358 1452 Quarto,
1390 1408 1518 1446 statuit

137 1470 236 1508 cives
261 1474 416 1523 optimae
448 1474 680 1525 Reipublicae
708 1474 835 1510 debere
867 1472 934 1510 effe
966 1472 1176 1524 opulentos,
1209 1480 1252 1510 ut
1282 1474 1516 1511 commodius

138 1536 316 1575 virtutem
335 1538 472 1578 colant.
530 1539 691 1583 Quinto,
712 1539 906 1589 Agricolas
936 1545 972 1576 et
1000 1537 1157 1576 artifices
1185 1552 1259 1576 non
1288 1540 1417 1577 debere
1438 1539 1514 1578 fieri
1530 1550 1558 1580 A
1580 1549 1733 1581 Sacerdo-

140 1602 364 1647 Sacerdotes,
384 1603 444 1642 sed
469 1617 530 1642 eos
556 1604 623 1655 qui
651 1617 733 1641 vere
762 1603 847 1641 sunt
874 1604 983 1647 cives,
1002 1617 1025 1641 a
1053 1604 1189 1654 quibus
1217 1605 1341 1642 Deum
1366 1606 1436 1643 coli
1466 1606 1514 1644 est
1527 1593 1732 1668 gg'bzffiegini-

138 1669 453 1709 honorificentius.
508 1671 662 1709 Civium
693 1678 817 1708 autem
848 1669 991 1707 ordines
1021 1682 1107 1707 cum
1135 1670 1211 1707 duo
1239 1670 1309 1707 fint
1340 1671 1643 1716 maxitne,ficeset

139 1734 321 1772 nimirum
345 1736 497 1781 milites,
523 1745 561 1773 et
583 1734 740 1785 judices,
759 1736 887 1772 debere
914 1747 974 1772 eos
1003 1735 1141 1784 quibus
1171 1741 1279 1772 aetate
1306 1737 1514 1786 grandiori·
1525 1723 1686 1764 ³5¹5001ae·

137 1801 208 1839 bus
225 1800 334 1838 otiari
355 1813 397 1838 ac
416 1799 596 1851 quiescere
623 1800 723 1844 licet,
751 1800 798 1837 ad
824 1800 1088 1837 Sacerdotalem
1110 1813 1152 1837 ac
1173 1800 1405 1839 pontificiam
1429 1803 1512 1852 dig.

138 1864 295 1902 nitatem
315 1864 536 1916 promoveri.
590 1865 710 1909 Nota,
732 1864 865 1902 Lector
885 1864 1107 1909 Christiane,
1131 1865 1281 1902 Ethnici
1302 1866 1514 1918 Philosophi

135 1929 303 1968 samstum
334 1937 371 1968 et
401 1929 542 1968 salubre
570 1927 797 1981 praeceptum
826 1930 871 1967 de
899 1930 1135 1967 Sacerdotum
1165 1930 1448 1977 consecratione,
1477 1940 1514 1971 et

134 1994 389 2032 ordinatione:
420 1995 557 2046 legitur
573 1995 674 2032 enim
695 1995 734 2032 in
754 2001 858 2031 textu
878 1999 941 2033 τῶν
961 1997 1064 2046 ingiam
1091 1995 1203 2041 τάξις,
1222 1996 1311 2034 ordo
1339 1997 1512 2035 Sacerdo-

132 2065 232 2104 tum,
249 2059 331 2096 vult
348 2059 448 2097 enirn
469 2058 715 2107 θεολογῶτατος
735 2058 975 2110 Philosophus
1002 2072 1062 2096 eos
1091 2059 1158 2110 qui
1186 2061 1232 2098 ad
1257 2061 1508 2101 Sacerdotium
1523 2070 1560 2101 In
1577 2070 1647 2111 lege

133 2124 354 2169 evehuntur,
374 2123 441 2161 effe
459 2124 547 2161 vitae
571 2125 750 2174 probatae,
770 2123 985 2161 liberalioris
1003 2131 1039 2161 et
1059 2125 1271 2163 honestioris
1288 2141 1296 2163 ε
1329 2127 1418 2165 item
1446 2130 1509 2166 de·
1523 2115 1665 2167 Mosam?
1685 2161 1692 2167 .

132 2187 230 2226 sumi
258 2203 303 2227 ex
331 2189 459 2226 ordine
484 2189 640 2232 civium,
667 2188 713 2226 id·
732 2188 782 2226 est
809 2189 972 2226 virorum
1002 2186 1245 2235 selefflorum,
1264 2192 1400 2241 quibus
1425 2194 1508 2232 reli·
1521 2169 1710 2235 ἓὲἒαὲιὲιέἷς

130 2253 241 2303 gione
268 2260 304 2291 et
331 2253 468 2290 virtute
498 2251 594 2290 nihil
620 2252 664 2290 fit
691 2253 894 2302 antiquius.
950 2254 1125 2305 Denique
1143 2255 1209 2292 effe
1227 2257 1349 2294 aetatis
1379 2271 1508 2308 prove·
1519 2247 1640 2279 ⁰⁶¹d05·

130 2318 255 2357 &ioris
273 2325 310 2356 et
329 2317 555 2356 maturioris.
609 2317 701 2362 Huc(
725 2317 848 2355 referri
877 2319 1007 2370 potest,
1037 2320 1136 2369 quod
1164 2321 1258 2358 dixit
1288 2323 1507 2374 Pythagori-

131 2396 197 2420 cus
229 2382 306 2427 ille,
333 2382 476 2432 Regem
505 2382 632 2419 debere
662 2381 727 2419 effe
755 2384 894 2420 bonum
925 2385 1132 2437 στρατηγὸν,
1154 2385 1213 2423 καὶ
1239 2385 1416 2434 Saxae-rin,
1445 2389 1506 2427 καὶ

130 2451 239 2500 inpiam
269 2447 390 2498 qualis
418 2447 579 2485 creditur
604 2445 708 2484 fuisse
738 2448 897 2486 Hermes
916 2449 977 2487 ille
998 2451 1287 2502 ngyptiorum,
1307 2453 1388 2492 ideo
1408 2472 1505 2507 τρισ-

127 2516 302 2563 ,dysin-03,
321 2520 376 2550 ter
395 2512 581 2551 maximus
599 2513 899 2562 cognominatus.

632 2619 697 2657 Ad
715 2619 801 2672 Cap.
819 2620 993 2661 decimum.

180 2706 301 2746 Docet
317 2714 423 2746 vetus
449 2707 515 2746 effe
544 2707 769 2754 institutum,
787 2716 829 2747 ut
847 2710 978 2749 civitas
999 2711 1038 2749 in
1057 2719 1154 2750 certa
1173 2714 1370 2754 hominum
1390 2730 1504 2768 gene-

127 2785 182 2818 ra,
201 2780 243 2810 ut
264 2773 301 2810 in
324 2773 461 2811 milites
479 2780 515 2811 et
535 2773 714 2823 agricolas
738 2774 1008 2826 distinguatur:
1039 2779 1149 2822 Item,
1168 2786 1211 2817 ut
1241 2780 1447 2821 sodalitates
1466 2792 1504 2824 et

123 2837 294 2876 convivia
312 2837 412 2876 statis
430 2838 660 2890 temporibus
682 2838 922 2879 celebrentur.
975 2842 1078 2881 Tum
1107 2844 1160 2882 ait
1189 2846 1380 2885 necessaria
1397 2850 1502 2901 prius

782 2904 842 2954 f4
