1904 3308
463 214 513 240 ex

469 321 530 350 12.

490 1227 529 1374 90⁹9*
489 1081 528 1174 φῆ·
490 975 512 1013 0·

906 202 1380 244 ARISTOTELIS

556 310 673 348 Docet
703 325 748 349 ex
773 312 944 350 omnibus
975 313 1182 363 reipublicae
1211 312 1504 351 administrandae
1535 313 1663 352 formis
1691 315 1815 354 minus

621 364 813 414 diuturnas
831 366 897 405 effe
915 366 1153 419 oligarchiam
1174 371 1210 402 et
1229 366 1477 415 tyrannidem.
1530 366 1674 404 Deinde
1693 369 1816 408 locum

621 430 667 453 ex
671 417 795 455 ·.V111
817 414 977 455 Platonis
1003 419 1047 455 de
1073 418 1257 468 republica
1281 418 1344 455 ubi
1372 419 1593 457 mutationes
1610 433 1734 459 earum
1751 435 1815 458 ex-

620 469 820 519 plicantur,
839 477 942 514 notat
958 477 995 507 et
1011 471 1241 521 reprehendit
1738 484 1814 525 579

975 567 1119 604 LIBRI
1133 562 1311 603 'SEXTL

555 643 662 688 Brevi
681 649 892 702 repetitione
909 648 1090 700 superiora
1108 662 1193 687 cum
1213 648 1444 698 sequentibus
1463 650 1659 696 connefifit,
1674 653 1814 702 etquid

622 704 724 740 restet
752 703 1007 752 explicandum
1040 704 1167 752 aperit.
1220 702 1362 739 Deinde
1393 715 1467 738 rem
1498 705 1723 753 aggrediens,
1748 706 1815 742 do-

619 767 696 792 cere
716 755 845 804 incipit
870 756 1054 804 quomodo
1080 768 1235 805 quaeque
1262 756 1421 792 πολιτεία
1439 755 1658 794 instituenda
1674 758 1740 794 fit:
1771 771 1814 794 ac

622 808 784 857 primum
804 808 848 849 de
866 808 1087 852 democratia
1103 808 1181 857 agit
1734 810 1784 860 58
1786 823 1809 858 3

522 889 529 897 .
560 860 853 898 Fundamentum
878 860 1007 897 formae
1024 860 1210 910 popularis
1237 860 1528 906 administrandae
1547 861 1756 912 reipublicae
1776 870 1813 900 et

623 912 769 962 propria
786 913 1089 951 democratiarum
1110 914 1276 952 instituta
1733 915 1785 965 58
1788 924 1811 966 5

521 993 529 1003 .
559 966 735 1010 Quaestio,
754 967 819 1015 qui
836 964 914 1002 fieri
933 965 1035 1016 poffit
1051 973 1094 1003 ut
1112 966 1252 1016 aequale
1269 966 1460 1004 obtineant
1485 967 1551 1016 qui
1578 968 1670 1006 statu
1694 981 1812 1018 popu-

624 1019 689 1054 lari
706 1025 863 1055 utuntur
1734 1021 1817 1070 587·

558 1071 757 1108 Quomodo
775 1072 895 1121 prima
914 1077 950 1107 et
968 1071 1109 1120 optima
1126 1070 1346 1108 democratia
1364 1072 1407 1108 fit
1425 1071 1641 1109 instituenda
1733 1074 1810 1123 588

557 1123 800 1213 Legifsffliatoris,
818 1124 884 1174 qui
902 1125 1131 1161 democratiae
1150 1125 1439 1162 accommodatas
1467 1126 1562 1175 leges
1589 1125 1680 1163 ferre
1707 1127 1809 1169 velit,

622 1190 644 1212 o
684 1190 783 1214 cium
1788 1190 1809 1216 2

558 1228 654 1266 Quae
673 1231 715 1266 ad
736 1229 985 1266 stabiliendam
1006 1224 1248 1278 oligarchiam‘
1262 1229 1331 1266 fint
1348 1229 1542 1280 spectanda
1724 1187 1809 1281 {35

520 1309 529 1318 .
557 1283 618 1319 Ad
637 1283 893 1320 instituendam
913 1282 1149 1333 oligarchiam
1170 1289 1350 1332 praecepta
1733 1283 1811 1338 596

554 1334 838 1385 Magistratuum
858 1336 963 1380 ratio,
979 1344 1082 1385 quot,
1098 1342 1136 1372 et
1154 1335 1233 1385 qui,
1247 1342 1283 1372 et
1296 1347 1451 1385 quarum
1471 1347 1590 1377 rerum
1611 1335 1679 1380 sint
1731 1331 1808 1387 598

939 1443 1081 1484 mem
1109 1425 1329 1490 sEFnML

519 1557 527 1566 .
556 1527 730 1567 Prooemii
747 1528 825 1565 vice
843 1527 1050 1578 sequentem
1065 1527 1348 1577 disputationem
1363 1529 1430 1564 hac
1444 1529 1630 1578 hypothesi
1649 1542 1810 1579 praemu-

614 1582 684 1626 nit,
705 1582 818 1618 vitam
851 1582 1031 1630 optimam
1063 1588 1099 1617 et
1125 1580 1313 1630 seperatim
1340 1580 1618 1630 uniuscujusque
1647 1590 1681 1619 et
1707 1596 1809 1620 com-

604 1634 781 1673 .muniter
806 1635 1001 1671 civitatum
1027 1633 1093 1670 effe
1122 1633 1213 1682 quae'
1230 1646 1275 1669 ex
1302 1633 1436 1669 virtute
1453 1634 1620 1678 ducatur,
1637 1635 1748 1684 usque
1766 1650 1809 1673 eo

617 1687 722 1727 anis
741 1686 927 1732 instructa,
940 1693 983 1724 ut
996 1687 1041 1725 ad
1055 1686 1212 1723 actiones
1229 1699 1312 1735 quae
1331 1699 1352 1722 a
1370 1687 1504 1725 virtute
1518 1686 1808 1737 proficiscuntur,

551 1741 961 1834 Dogettjzcerdiiltudinem
994 1792 1143 1828 eandem
1177 1790 1243 1827 effe
1275 1790 1555 1841 uniuscujusque
1571 1742 1810 1830 .hominis6}‹5:

615 1846 775 1883 civitatis
793 1861 801 1882 ε
833 1845 971 1882 Affiues
989 1845 1116 1881 deinde
1136 1843 1348 1893 quaestiones
1363 1845 1503 1894 aliquot
1522 1847 1692 1894 proponit
1729 1846 1806 1883 608

485 1912 525 1947 3.
555 1899 762 1949 Respondet
798 1899 842 1935 ad
878 1898 995 1934 varias
1030 1897 1244 1947 quaestiones
1279 1897 1399 1946 capite
1434 1897 1607 1947 superiori
1647 1900 1806 1948 proposi-

617 1959 673 1989 tas
1727 1951 1774 1987 61
1786 1963 1802 1987 1

484 2018 523 2052 4.
551 2005 608 2042 De
628 2004 882 2054 magnitudine
901 1988 1074 2046 civitatis,
1092 2007 1127 2039 et
1148 2002 1282 2038 civium
1303 2001 1540 2039 multitudine
1729 2004 1803 2050 613

485 2068 523 2109 5.
551 2059 609 2095 De
629 2071 715 2108 agro
734 2058 798 2107 qui
818 2058 862 2094 ad
880 2056 1103 2093 condendam
1124 2057 1248 2091 urbem
1266 2056 1312 2090 'fit
1330 2054 1636 2092 commodissimus
1728 2056 1808 2093 616

485 2111 524 2148 6.
552 2111 609 2147 De
629 2110 739 2147 maris
758 2110 1026 2150 communione,
1045 2116 1079 2144 et
1097 2107 1340 2157 navigationis
1354 2108 1421 2144 usu
1728 2109 1804 2159 617

489 2175 524 2214 7.
544 2164 657 2201 Quali
678 2171 808 2200 natura
826 2170 889 2199 aut
909 2162 1057 2211 ingenio
1084 2161 1253 2210 praeditos
1271 2166 1434 2209 oporteat
1451 2160 1516 2197 effe
1536 2161 1630 2197 cives
1728 2160 1806 2211 619

472 2215 524 2255 8.
551 2218 614 2255 Ad
631 2216 919 2253 constituendam
937 2215 1124 2251 civitatem
1144 2213 1278 2262 requiri
1297 2214 1400 2249 docet
1426 2213 1616 2262 agricolas,
1638 2212 1808 2258 artifices,

614 2269 708 2306 viros
728 2269 914 2310 militares,
941 2267 1150 2316 locupletes,
1169 2266 1376 2308 sacerdotes,
1394 2272 1430 2302 et
1442 2266 1583 2314 judices
1728 2266 1802 2304 621

483 2334 524 2373 9.
551 2322 690 2360 Utrum
724 2334 806 2370 quae
838 2320 1010 2370 superiori
1039 2319 1158 2369 capite
1185 2318 1268 2354 sunt
1299 2319 1415 2368 expos
1420 2325 1470 2362 ta,
1503 2319 1656 2355 debeant
1682 2311 1808 2356 omnia

614 2375 782 2411 omnium
811 2374 947 2410 civium
980 2372 1046 2409 effe
1075 2372 1286 2409 communia
1303 2386 1311 2409 ε
1351 2378 1388 2408 et
1420 2372 1605 2422 quomodo
1638 2383 1680 2407 ea
1712 2372 1809 2408 inter

615 2429 711 2464 cives
728 2426 972 2464 distribuenda
1728 2426 1802 2471 623

461 2493 522 2519 10.
549 2481 727 2518 Veterum
763 2480 978 2516 auctoritate
1011 2477 1111 2515 -suam
1149 2475 1363 2513 sententiam
1400 2475 1603 2514 confirmat.
1662 2476 1806 2514 Deinde

523 2543 526 2545 ’
590 2569 592 2571 ,
616 2535 694 2583 agit
710 2533 754 2569 de
773 2533 850 2582 agri
877 2533 1060 2572 divisione,
1077 2537 1111 2567 et
1129 2530 1174 2567 de
1192 2529 1361 2579 agricolis
1727 2530 1805 2580 625

461 2599 478 2625 Ι
490 2600 523 2625 1.
539 2587 608 2623 ⁴De
626 2588 691 2623 fitu
709 2587 823 2631 urbis,
842 2592 878 2621 et
898 2584 1081 2629 moenibus
1097 2581 1175 2632 ejus
1728 2583 1803 2631 627

462 2652 523 2678 12.
552 2639 610 2677 De
626 2638 779 2689 publicis
799 2639 900 2681 locis,
917 2645 953 2674 et
972 2636 1068 2673 recia
1088 2648 1212 2674 eorum
1233 2634 1473 2672 aedificatione
1659 2641 1661 2644 ’
1726 2636 1806 2681 630

461 2699 478 2730 i
484 2705 522 2741 3.
549 2693 666 2730 Docet
696 2692 820 2741 quales
847 2691 913 2728 effe
943 2696 1108 2751 oporteat
1125 2689 1235 2734 cives,
1254 2696 1296 2725 ut
1322 2689 1365 2725 fit
1387 2688 1476 2724 bene
1494 2686 1659 2723 instituta
1676 2685 1806 2724 civitas

615 2755 650 2782 et
670 2747 773 2781 beata
1727 2740 1804 2787 632

461 2781 521 2849 ¹¹4·

527 2806 529 2808 ’
550 2799 608 2836 De
627 2797 725 2836 recita
748 2797 902 2835 civium
913 2792 1170 2833 institutione·
1195 2799 1233 2831 et
1257 2806 1382 2832 eorum
1410 2804 1528 2831 errore
1551 2792 1615 2843 qui
1644 2792 1739 2843 leges
1767 2799 1805 2829 et
