<?xml version="1.0" encoding="UTF-8"?>
<!DOCTYPE html PUBLIC "-//W3C//DTD XHTML 1.0 Transitional//EN"
    "http://www.w3.org/TR/xhtml1/DTD/xhtml1-transitional.dtd">
<html xmlns="http://www.w3.org/1999/xhtml" xml:lang="en" lang="en">
 <head>
  <title>
</title>
<meta http-equiv="Content-Type" content="text/html;charset=utf-8" />
  <meta name='ocr-system' content='tesseract 3.04.00' />
  <meta name='ocr-capabilities' content='ocr_page ocr_carea ocr_par ocr_line ocrx_word'/>
</head>
<body>
  <div class='ocr_page' id='page_1' title='image "./politicagreeklat01arisuoft_0048.png"; bbox 0 0 1904 3308; ppageno 0'>
   <div class='ocr_carea' id='block_1_1' title="bbox 426 210 1398 251">
    <p class='ocr_par' dir='ltr' id='par_1_1' title="bbox 426 210 1398 251">
     <span class='ocr_line' id='line_1_1' title="bbox 426 210 1398 251; baseline 0.002 -4"><span class='ocrx_word' id='word_1_1' title='bbox 426 211 539 248; x_wconf 70' lang='lat' dir='ltr'>x‘xxiv</span> <span class='ocrx_word' id='word_1_2' title='bbox 808 212 1050 251; x_wconf 86' lang='lat' dir='ltr'>SYNOPSIS</span> <span class='ocrx_word' id='word_1_3' title='bbox 1078 211 1321 251; x_wconf 86' lang='lat' dir='ltr'><strong>ANALYTI</strong></span> <span class='ocrx_word' id='word_1_4' title='bbox 1327 210 1398 250; x_wconf 88' lang='lat' dir='ltr'>CA</span> 
     </span>
    </p>
   </div>
   <div class='ocr_carea' id='block_1_2' title="bbox 423 316 1779 622">
    <p class='ocr_par' dir='ltr' id='par_1_2' title="bbox 423 316 1779 622">
     <span class='ocr_line' id='line_1_2' title="bbox 425 316 1779 370; baseline 0 -16"><span class='ocrx_word' id='word_1_5' title='bbox 425 318 465 354; x_wconf 88' lang='lat' dir='ltr'>in</span> <span class='ocrx_word' id='word_1_6' title='bbox 493 317 575 356; x_wconf 81' lang='lat' dir='ltr'>aliis</span> <span class='ocrx_word' id='word_1_7' title='bbox 604 319 886 369; x_wconf 82' lang='lat' dir='ltr'>magistratibus,</span> <span class='ocrx_word' id='word_1_8' title='bbox 913 326 993 358; x_wconf 89' lang='lat' dir='ltr'>tum</span> <span class='ocrx_word' id='word_1_9' title='bbox 1023 322 1062 358; x_wconf 86' lang='lat' dir='ltr'>in</span> <span class='ocrx_word' id='word_1_10' title='bbox 1089 335 1131 358; x_wconf 90' lang='lat' dir='ltr'>eo</span> <span class='ocrx_word' id='word_1_11' title='bbox 1158 320 1319 358; x_wconf 82' lang='lat' dir='ltr'>maxime</span> <span class='ocrx_word' id='word_1_12' title='bbox 1338 318 1402 370; x_wconf 90' lang='lat' dir='ltr'>qui</span> <span class='ocrx_word' id='word_1_13' title='bbox 1421 318 1471 356; x_wconf 88' lang='lat' dir='ltr'>est</span> <span class='ocrx_word' id='word_1_14' title='bbox 1488 318 1655 356; x_wconf 84' lang='lat' dir='ltr'>omnium</span> <span class='ocrx_word' id='word_1_15' title='bbox 1676 316 1779 355; x_wconf 70' lang='lat' dir='ltr'>sum·</span> 
     </span>
     <span class='ocr_line' id='line_1_3' title="bbox 425 381 1777 435; baseline 0.001 -19"><span class='ocrx_word' id='word_1_16' title='bbox 425 392 508 417; x_wconf 85' lang='lat' dir='ltr'>mus</span> <span class='ocrx_word' id='word_1_17' title='bbox 526 394 567 419; x_wconf 92' lang='lat' dir='ltr'>ac</span> <span class='ocrx_word' id='word_1_18' title='bbox 584 383 767 433; x_wconf 85' lang='lat' dir='ltr'>princeps.</span> <span class='ocrx_word' id='word_1_19' title='bbox 820 384 965 422; x_wconf 83' lang='lat' dir='ltr'>Deinde</span> <span class='ocrx_word' id='word_1_20' title='bbox 993 384 1125 435; x_wconf 88' lang='lat' dir='ltr'>repetit</span> <span class='ocrx_word' id='word_1_21' title='bbox 1150 397 1193 421; x_wconf 81' lang='lat' dir='ltr'>ex</span> <span class='ocrx_word' id='word_1_22' title='bbox 1223 384 1344 434; x_wconf 90' lang='lat' dir='ltr'>primo</span> <span class='ocrx_word' id='word_1_23' title='bbox 1371 383 1475 427; x_wconf 88' lang='lat' dir='ltr'>libro,</span> <span class='ocrx_word' id='word_1_24' title='bbox 1502 382 1690 420; x_wconf 89' lang='lat' dir='ltr'>hominem</span> <span class='ocrx_word' id='word_1_25' title='bbox 1710 381 1777 418; x_wconf 83' lang='lat' dir='ltr'>effe</span> 
     </span>
     <span class='ocr_line' id='line_1_4' title="bbox 423 443 1772 491; baseline 0.003 -12"><span class='ocrx_word' id='word_1_26' title='bbox 423 443 561 481; x_wconf 87' lang='lat' dir='ltr'>animal</span> <span class='ocrx_word' id='word_1_27' title='bbox 577 445 771 483; x_wconf 85' lang='lat' dir='ltr'>Politicum</span> <span class='ocrx_word' id='word_1_28' title='bbox 809 454 952 491; x_wconf 87' lang='lat' dir='ltr'>natura,</span> <span class='ocrx_word' id='word_1_29' title='bbox 984 453 1019 484; x_wconf 89' lang='lat' dir='ltr'>et</span> <span class='ocrx_word' id='word_1_30' title='bbox 1054 447 1233 484; x_wconf 85' lang='lat' dir='ltr'>societatis</span> <span class='ocrx_word' id='word_1_31' title='bbox 1269 459 1411 484; x_wconf 87' lang='lat' dir='ltr'>amans.</span> <span class='ocrx_word' id='word_1_32' title='bbox 1465 446 1611 483; x_wconf 90' lang='lat' dir='ltr'>Adduci</span> <span class='ocrx_word' id='word_1_33' title='bbox 1648 452 1772 483; x_wconf 88' lang='lat' dir='ltr'>autem</span> 
     </span>
     <span class='ocr_line' id='line_1_5' title="bbox 424 509 1777 556; baseline 0.001 -12"><span class='ocrx_word' id='word_1_34' title='bbox 424 514 598 556; x_wconf 77' lang='lat' dir='ltr'>praeterea</span> <span class='ocrx_word' id='word_1_35' title='bbox 626 509 671 546; x_wconf 89' lang='lat' dir='ltr'>ad</span> <span class='ocrx_word' id='word_1_36' title='bbox 699 510 784 547; x_wconf 82' lang='lat' dir='ltr'>vitae</span> <span class='ocrx_word' id='word_1_37' title='bbox 811 510 1030 553; x_wconf 85' lang='lat' dir='ltr'>societatem,</span> <span class='ocrx_word' id='word_1_38' title='bbox 1050 517 1093 548; x_wconf 88' lang='lat' dir='ltr'>ut</span> <span class='ocrx_word' id='word_1_39' title='bbox 1119 524 1163 547; x_wconf 87' lang='lat' dir='ltr'>ex</span> <span class='ocrx_word' id='word_1_40' title='bbox 1190 523 1232 547; x_wconf 90' lang='lat' dir='ltr'>ea</span> <span class='ocrx_word' id='word_1_41' title='bbox 1257 510 1457 547; x_wconf 86' lang='lat' dir='ltr'><strong>utilitatem</strong></span> <span class='ocrx_word' id='word_1_42' title='bbox 1485 511 1617 547; x_wconf 83' lang='lat' dir='ltr'>habeat</span> <span class='ocrx_word' id='word_1_43' title='bbox 1634 515 1670 546; x_wconf 86' lang='lat' dir='ltr'>et</span> <span class='ocrx_word' id='word_1_44' title='bbox 1688 509 1777 546; x_wconf 84' lang='lat' dir='ltr'>vitae</span> 
     </span>
     <span class='ocr_line' id='line_1_6' title="bbox 424 572 1776 622; baseline 0.003 -16"><span class='ocrx_word' id='word_1_45' title='bbox 424 572 631 609; x_wconf 87' lang='lat' dir='ltr'>commoda.</span> <span class='ocrx_word' id='word_1_46' title='bbox 687 573 789 609; x_wconf 89' lang='lat' dir='ltr'>Hinc</span> <span class='ocrx_word' id='word_1_47' title='bbox 814 574 916 622; x_wconf 87' lang='lat' dir='ltr'>origo</span> <span class='ocrx_word' id='word_1_48' title='bbox 939 573 1178 617; x_wconf 87' lang='lat' dir='ltr'>familiarum,</span> <span class='ocrx_word' id='word_1_49' title='bbox 1196 573 1374 618; x_wconf 88' lang='lat' dir='ltr'>vicorum,</span> <span class='ocrx_word' id='word_1_50' title='bbox 1392 573 1598 610; x_wconf 87' lang='lat' dir='ltr'>civitatum.</span> <span class='ocrx_word' id='word_1_51' title='bbox 1653 573 1776 610; x_wconf 83' lang='lat' dir='ltr'>Postea</span> 
     </span>
    </p>
   </div>
   <div class='ocr_carea' id='block_1_3' title="bbox 412 628 1775 687">
    <p class='ocr_par' dir='ltr' id='par_1_3' title="bbox 412 628 1775 687">
     <span class='ocr_line' id='line_1_7' title="bbox 412 628 1775 687; baseline 0.001 -17"><span class='ocrx_word' id='word_1_52' title='bbox 412 628 616 684; x_wconf 59' lang='lat' dir='ltr'>‘distinguit</span> <span class='ocrx_word' id='word_1_53' title='bbox 636 636 788 686; x_wconf 89' lang='lat' dir='ltr'>imperia</span> <span class='ocrx_word' id='word_1_54' title='bbox 806 650 849 674; x_wconf 84' lang='lat' dir='ltr'>ex</span> <span class='ocrx_word' id='word_1_55' title='bbox 867 637 1028 674; x_wconf 84' lang='lat' dir='ltr'>utilitate</span> <span class='ocrx_word' id='word_1_56' title='bbox 1042 653 1053 683; x_wconf 70' lang='grc' dir='ltr'><strong><em>ς</em></strong></span> <span class='ocrx_word' id='word_1_57' title='bbox 1083 651 1166 687; x_wconf 87' lang='lat' dir='ltr'>quae</span> <span class='ocrx_word' id='word_1_58' title='bbox 1184 637 1240 674; x_wconf 90' lang='lat' dir='ltr'>vel</span> <span class='ocrx_word' id='word_1_59' title='bbox 1259 637 1401 686; x_wconf 83' lang='lat' dir='ltr'>privata</span> <span class='ocrx_word' id='word_1_60' title='bbox 1424 637 1484 679; x_wconf 83' lang='lat' dir='ltr'>est,</span> <span class='ocrx_word' id='word_1_61' title='bbox 1502 642 1545 672; x_wconf 85' lang='lat' dir='ltr'>ut</span> <span class='ocrx_word' id='word_1_62' title='bbox 1563 636 1600 673; x_wconf 90' lang='lat' dir='ltr'>in</span> <span class='ocrx_word' id='word_1_63' title='bbox 1621 635 1775 686; x_wconf 85' lang='lat' dir='ltr'>imperio</span> 
     </span>
    </p>
   </div>
   <div class='ocr_carea' id='block_1_4' title="bbox 209 693 410 1022">
    <p class='ocr_par' dir='ltr' id='par_1_4' title="bbox 209 693 410 1022">
     <span class='ocr_line' id='line_1_8' title="bbox 211 693 386 733; baseline -0.011 -8"><span class='ocrx_word' id='word_1_64' title='bbox 211 693 386 733; x_wconf 87' lang='lat' dir='ltr'>Imperium</span> 
     </span>
     <span class='ocr_line' id='line_1_9' title="bbox 211 737 394 776; baseline -0.011 -9"><span class='ocrx_word' id='word_1_65' title='bbox 211 737 309 767; x_wconf 81' lang='lat' dir='ltr'>herile</span> <span class='ocrx_word' id='word_1_66' title='bbox 325 746 394 776; x_wconf 87' lang='lat' dir='ltr'>pro-</span> 
     </span>
     <span class='ocr_line' id='line_1_10' title="bbox 210 777 410 819; baseline -0.01 -10"><span class='ocrx_word' id='word_1_67' title='bbox 210 779 313 819; x_wconf 81' lang='lat' dir='ltr'>priam</span> <span class='ocrx_word' id='word_1_68' title='bbox 327 777 410 809; x_wconf 85' lang='lat' dir='ltr'>utili-</span> 
     </span>
     <span class='ocr_line' id='line_1_11' title="bbox 209 821 391 863; baseline -0.005 -12"><span class='ocrx_word' id='word_1_69' title='bbox 209 828 310 863; x_wconf 81' lang='lat' dir='ltr'>tatem</span> <span class='ocrx_word' id='word_1_70' title='bbox 325 821 391 860; x_wconf 86' lang='lat' dir='ltr'>spe·</span> 
     </span>
     <span class='ocr_line' id='line_1_12' title="bbox 209 863 400 904; baseline -0.005 -10"><span class='ocrx_word' id='word_1_71' title='bbox 209 863 284 900; x_wconf 59' lang='lat' dir='ltr'>Chat,</span> <span class='ocrx_word' id='word_1_72' title='bbox 300 871 400 904; x_wconf 81' lang='lat' dir='ltr'>pater-</span> 
     </span>
     <span class='ocr_line' id='line_1_13' title="bbox 210 906 395 936; baseline -0.005 0"><span class='ocrx_word' id='word_1_73' title='bbox 210 915 291 936; x_wconf 84' lang='lat' dir='ltr'>num</span> <span class='ocrx_word' id='word_1_74' title='bbox 306 912 337 936; x_wconf 89' lang='lat' dir='ltr'>et</span> <span class='ocrx_word' id='word_1_75' title='bbox 352 906 395 935; x_wconf 89' lang='lat' dir='ltr'>ci-</span> 
     </span>
     <span class='ocr_line' id='line_1_14' title="bbox 209 948 372 978; baseline 0 0"><span class='ocrx_word' id='word_1_76' title='bbox 209 948 272 978; x_wconf 77' lang='lat' dir='ltr'>vile</span> <span class='ocrx_word' id='word_1_77' title='bbox 284 957 372 978; x_wconf 88' lang='lat' dir='ltr'>corn-</span> 
     </span>
     <span class='ocr_line' id='line_1_15' title="bbox 209 999 355 1022; baseline 0.007 -2"><span class='ocrx_word' id='word_1_78' title='bbox 209 999 355 1022; x_wconf 88' lang='lat' dir='ltr'>munem.</span> 
     </span>
    </p>
   </div>
   <div class='ocr_carea' id='block_1_5' title="bbox 204 1153 408 1398">
    <p class='ocr_par' dir='ltr' id='par_1_5' title="bbox 204 1153 408 1398">
     <span class='ocr_line' id='line_1_16' title="bbox 208 1153 358 1184; baseline 0 0"><span class='ocrx_word' id='word_1_79' title='bbox 208 1153 304 1184; x_wconf 65' lang='lat' dir='ltr'>Reaa</span> <span class='ocrx_word' id='word_1_80' title='bbox 316 1155 358 1184; x_wconf 83' lang='lat' dir='ltr'>est</span> 
     </span>
     <span class='ocr_line' id='line_1_17' title="bbox 208 1196 393 1236; baseline 0 -10"><span class='ocrx_word' id='word_1_81' title='bbox 208 1196 393 1236; x_wconf 84' lang='lat' dir='ltr'>Respublica</span> 
     </span>
     <span class='ocr_line' id='line_1_18' title="bbox 206 1248 383 1278; baseline 0 -9"><span class='ocrx_word' id='word_1_82' title='bbox 206 1249 277 1278; x_wconf 84' lang='lat' dir='ltr'>quae</span> <span class='ocrx_word' id='word_1_83' title='bbox 294 1248 383 1269; x_wconf 87' lang='lat' dir='ltr'>corn·</span> 
     </span>
     <span class='ocr_line' id='line_1_19' title="bbox 207 1291 342 1311; baseline 0 0"><span class='ocrx_word' id='word_1_84' title='bbox 207 1291 342 1311; x_wconf 86' lang='lat' dir='ltr'>munem</span> 
     </span>
     <span class='ocr_line' id='line_1_20' title="bbox 206 1323 408 1362; baseline 0.005 -9"><span class='ocrx_word' id='word_1_85' title='bbox 206 1324 323 1362; x_wconf 64' lang='lat' dir='ltr'>speaat</span> <span class='ocrx_word' id='word_1_86' title='bbox 347 1323 408 1354; x_wconf 89' lang='lat' dir='ltr'>uti-</span> 
     </span>
     <span class='ocr_line' id='line_1_21' title="bbox 204 1366 338 1398; baseline 0.007 -1"><span class='ocrx_word' id='word_1_87' title='bbox 204 1366 338 1398; x_wconf 80' lang='lat' dir='ltr'>litatem.</span> 
     </span>
    </p>
   </div>
   <div class='ocr_carea' id='block_1_6' title="bbox 203 1793 389 1951">
    <p class='ocr_par' dir='ltr' id='par_1_6' title="bbox 206 1793 382 1874">
     <span class='ocr_line' id='line_1_22' title="bbox 206 1793 382 1823; baseline 0 -1"><span class='ocrx_word' id='word_1_88' title='bbox 206 1793 322 1823; x_wconf 84' lang='lat' dir='ltr'>Forma</span> <span class='ocrx_word' id='word_1_89' title='bbox 338 1801 382 1822; x_wconf 85' lang='lat' dir='ltr'>re-</span> 
     </span>
     <span class='ocr_line' id='line_1_23' title="bbox 206 1835 367 1874; baseline 0.006 -10"><span class='ocrx_word' id='word_1_90' title='bbox 206 1835 367 1874; x_wconf 74' lang='lat' dir='ltr'>gimmum</span> 
     </span>
    </p>

    <p class='ocr_par' dir='ltr' id='par_1_7' title="bbox 203 1878 389 1951">
     <span class='ocr_line' id='line_1_24' title="bbox 204 1878 384 1914; baseline 0.006 -8"><span class='ocrx_word' id='word_1_91' title='bbox 204 1885 264 1908; x_wconf 83' lang='lat' dir='ltr'>tres</span> <span class='ocrx_word' id='word_1_92' title='bbox 278 1878 384 1914; x_wconf 78' lang='lat' dir='ltr'>bonae,</span> 
     </span>
     <span class='ocr_line' id='line_1_25' title="bbox 203 1919 389 1951; baseline 0 -1"><span class='ocrx_word' id='word_1_93' title='bbox 203 1927 266 1951; x_wconf 81' lang='lat' dir='ltr'>tres</span> <span class='ocrx_word' id='word_1_94' title='bbox 286 1919 389 1951; x_wconf 83' lang='lat' dir='ltr'>malae.</span> 
     </span>
    </p>
   </div>
   <div class='ocr_carea' id='block_1_7' title="bbox 203 2686 391 2854">
    <p class='ocr_par' dir='ltr' id='par_1_8' title="bbox 203 2686 391 2854">
     <span class='ocr_line' id='line_1_26' title="bbox 203 2686 362 2735; baseline 0.006 -10"><span class='ocrx_word' id='word_1_95' title='bbox 203 2686 362 2735; x_wconf 54' lang='lat' dir='ltr'>‘tyrannis</span> 
     </span>
     <span class='ocr_line' id='line_1_27' title="bbox 203 2739 391 2769; baseline 0.011 -2"><span class='ocrx_word' id='word_1_96' title='bbox 203 2739 247 2768; x_wconf 80' lang='lat' dir='ltr'>cst</span> <span class='ocrx_word' id='word_1_97' title='bbox 264 2748 391 2769; x_wconf 85' lang='lat' dir='ltr'>monar-</span> 
     </span>
     <span class='ocr_line' id='line_1_28' title="bbox 203 2780 383 2852; baseline 0.028 -43"><span class='ocrx_word' id='word_1_98' title='bbox 203 2780 278 2852; x_wconf 76' lang='lat' dir='ltr'>1chia</span> <span class='ocrx_word' id='word_1_99' title='bbox 293 2781 383 2814; x_wconf 87' lang='lat' dir='ltr'>servi-</span> 
     </span>
     <span class='ocr_line' id='line_1_29' title="bbox 218 2831 254 2854; baseline 0.083 -3"><span class='ocrx_word' id='word_1_100' title='bbox 218 2831 254 2854; x_wconf 70' lang='lat'>¹⁵.</span> 
     </span>
    </p>
   </div>
   <div class='ocr_carea' id='block_1_8' title="bbox 417 699 1778 1566">
    <p class='ocr_par' dir='ltr' id='par_1_9' title="bbox 417 699 1778 1566">
     <span class='ocr_line' id='line_1_30' title="bbox 421 699 1774 751; baseline 0.001 -16"><span class='ocrx_word' id='word_1_101' title='bbox 421 699 617 749; x_wconf 85' lang='lat' dir='ltr'>despotico,</span> <span class='ocrx_word' id='word_1_102' title='bbox 634 701 671 737; x_wconf 89' lang='lat' dir='ltr'>in</span> <span class='ocrx_word' id='word_1_103' title='bbox 693 714 766 750; x_wconf 90' lang='lat' dir='ltr'>quo</span> <span class='ocrx_word' id='word_1_104' title='bbox 781 701 908 738; x_wconf 86' lang='lat' dir='ltr'>omnia</span> <span class='ocrx_word' id='word_1_105' title='bbox 929 702 974 738; x_wconf 90' lang='lat' dir='ltr'>ad</span> <span class='ocrx_word' id='word_1_106' title='bbox 991 701 1132 738; x_wconf 89' lang='lat' dir='ltr'>domini</span> <span class='ocrx_word' id='word_1_107' title='bbox 1160 702 1347 751; x_wconf 83' lang='lat' dir='ltr'>propriam</span> <span class='ocrx_word' id='word_1_108' title='bbox 1374 701 1572 738; x_wconf 82' lang='lat' dir='ltr'><strong>utilitatem</strong></span> <span class='ocrx_word' id='word_1_109' title='bbox 1591 700 1713 750; x_wconf 89' lang='lat' dir='ltr'>primo</span> <span class='ocrx_word' id='word_1_110' title='bbox 1731 713 1774 737; x_wconf 91' lang='lat' dir='ltr'>ac</span> 
     </span>
     <span class='ocr_line' id='line_1_31' title="bbox 423 762 1772 814; baseline 0.001 -15"><span class='ocrx_word' id='word_1_111' title='bbox 423 775 486 812; x_wconf 90' lang='lat' dir='ltr'>per</span> <span class='ocrx_word' id='word_1_112' title='bbox 503 762 536 800; x_wconf 87' lang='lat' dir='ltr'>se</span> <span class='ocrx_word' id='word_1_113' title='bbox 555 763 784 810; x_wconf 83' lang='lat' dir='ltr'>referuntur3</span> <span class='ocrx_word' id='word_1_114' title='bbox 814 777 879 814; x_wconf 89' lang='lat' dir='ltr'>per</span> <span class='ocrx_word' id='word_1_115' title='bbox 904 765 1067 802; x_wconf 87' lang='lat' dir='ltr'>accidens</span> <span class='ocrx_word' id='word_1_116' title='bbox 1087 765 1132 802; x_wconf 88' lang='lat' dir='ltr'>ad</span> <span class='ocrx_word' id='word_1_117' title='bbox 1149 764 1242 803; x_wconf 88' lang='lat' dir='ltr'>servi</span> <span class='ocrx_word' id='word_1_118' title='bbox 1270 765 1474 803; x_wconf 86' lang='lat' dir='ltr'>commoda.</span> <span class='ocrx_word' id='word_1_119' title='bbox 1530 765 1645 801; x_wconf 84' lang='lat' dir='ltr'><strong>Curat</strong></span> <span class='ocrx_word' id='word_1_120' title='bbox 1672 764 1772 801; x_wconf 88' lang='lat' dir='ltr'>enim</span> 
     </span>
     <span class='ocr_line' id='line_1_32' title="bbox 421 826 1775 878; baseline 0.003 -16"><span class='ocrx_word' id='word_1_121' title='bbox 421 826 561 863; x_wconf 88' lang='lat' dir='ltr'>servum</span> <span class='ocrx_word' id='word_1_122' title='bbox 590 828 694 864; x_wconf 85' lang='lat' dir='ltr'>herus</span> <span class='ocrx_word' id='word_1_123' title='bbox 721 841 795 865; x_wconf 88' lang='lat' dir='ltr'>non</span> <span class='ocrx_word' id='word_1_124' title='bbox 814 827 917 872; x_wconf 85' lang='lat' dir='ltr'>servi,</span> <span class='ocrx_word' id='word_1_125' title='bbox 936 827 993 866; x_wconf 88' lang='lat' dir='ltr'>sed</span> <span class='ocrx_word' id='word_1_126' title='bbox 1011 828 1065 865; x_wconf 90' lang='lat' dir='ltr'>sui</span> <span class='ocrx_word' id='word_1_127' title='bbox 1084 829 1223 878; x_wconf 86' lang='lat' dir='ltr'>gratia:</span> <span class='ocrx_word' id='word_1_128' title='bbox 1254 829 1310 866; x_wconf 87' lang='lat' dir='ltr'>vel</span> <span class='ocrx_word' id='word_1_129' title='bbox 1337 829 1560 874; x_wconf 82' lang='lat' dir='ltr'>communis,</span> <span class='ocrx_word' id='word_1_130' title='bbox 1578 834 1622 866; x_wconf 90' lang='lat' dir='ltr'>ut</span> <span class='ocrx_word' id='word_1_131' title='bbox 1641 829 1678 866; x_wconf 90' lang='lat' dir='ltr'>in</span> <span class='ocrx_word' id='word_1_132' title='bbox 1701 830 1775 866; x_wconf 89' lang='lat' dir='ltr'>im·</span> 
     </span>
     <span class='ocr_line' id='line_1_33' title="bbox 421 890 1777 943; baseline 0.003 -16"><span class='ocrx_word' id='word_1_133' title='bbox 421 890 521 939; x_wconf 89' lang='lat' dir='ltr'>perio</span> <span class='ocrx_word' id='word_1_134' title='bbox 546 896 710 940; x_wconf 87' lang='lat' dir='ltr'>paterno,</span> <span class='ocrx_word' id='word_1_135' title='bbox 738 891 866 928; x_wconf 83' lang='lat' dir='ltr'>uxorio</span> <span class='ocrx_word' id='word_1_136' title='bbox 896 897 933 928; x_wconf 88' lang='lat' dir='ltr'>et</span> <span class='ocrx_word' id='word_1_137' title='bbox 957 892 1072 930; x_wconf 90' lang='lat' dir='ltr'>civili.</span> <span class='ocrx_word' id='word_1_138' title='bbox 1126 894 1272 930; x_wconf 89' lang='lat' dir='ltr'>Horum</span> <span class='ocrx_word' id='word_1_139' title='bbox 1299 893 1398 930; x_wconf 90' lang='lat' dir='ltr'>enirn</span> <span class='ocrx_word' id='word_1_140' title='bbox 1425 893 1662 943; x_wconf 87' lang='lat' dir='ltr'>imperiorum</span> <span class='ocrx_word' id='word_1_141' title='bbox 1691 890 1777 931; x_wconf 75' lang='lat' dir='ltr'>fin&#39;is</span> 
     </span>
     <span class='ocr_line' id='line_1_34' title="bbox 420 953 1772 1008; baseline 0.003 -18"><span class='ocrx_word' id='word_1_142' title='bbox 420 966 485 1002; x_wconf 88' lang='lat' dir='ltr'>per</span> <span class='ocrx_word' id='word_1_143' title='bbox 504 953 537 990; x_wconf 87' lang='lat' dir='ltr'>se</span> <span class='ocrx_word' id='word_1_144' title='bbox 555 954 604 990; x_wconf 87' lang='lat' dir='ltr'>est</span> <span class='ocrx_word' id='word_1_145' title='bbox 621 967 747 991; x_wconf 88' lang='lat' dir='ltr'>eorum</span> <span class='ocrx_word' id='word_1_146' title='bbox 768 955 833 1004; x_wconf 88' lang='lat' dir='ltr'>qui</span> <span class='ocrx_word' id='word_1_147' title='bbox 855 956 1118 1006; x_wconf 88' lang='lat' dir='ltr'>obtemperant,</span> <span class='ocrx_word' id='word_1_148' title='bbox 1137 957 1231 993; x_wconf 85' lang='lat' dir='ltr'>salus</span> <span class='ocrx_word' id='word_1_149' title='bbox 1257 963 1294 994; x_wconf 87' lang='lat' dir='ltr'>et</span> <span class='ocrx_word' id='word_1_150' title='bbox 1319 956 1460 994; x_wconf 85' lang='lat' dir='ltr'>utilitas</span> <span class='ocrx_word' id='word_1_151' title='bbox 1471 973 1482 1001; x_wconf 89' lang='lat'>;</span> <span class='ocrx_word' id='word_1_152' title='bbox 1512 970 1576 1008; x_wconf 87' lang='lat' dir='ltr'>per</span> <span class='ocrx_word' id='word_1_153' title='bbox 1606 958 1772 994; x_wconf 85' lang='lat' dir='ltr'>accidens</span> 
     </span>
     <span class='ocr_line' id='line_1_35' title="bbox 420 1019 1774 1071; baseline 0.002 -16"><span class='ocrx_word' id='word_1_154' title='bbox 420 1024 541 1056; x_wconf 88' lang='lat' dir='ltr'>autem</span> <span class='ocrx_word' id='word_1_155' title='bbox 574 1021 711 1056; x_wconf 88' lang='lat' dir='ltr'>bonum</span> <span class='ocrx_word' id='word_1_156' title='bbox 745 1020 1006 1069; x_wconf 79' lang='lat' dir='ltr'>imperantium</span> <span class='ocrx_word' id='word_1_157' title='bbox 1022 1037 1034 1067; x_wconf 73' lang='lat'>5</span> <span class='ocrx_word' id='word_1_158' title='bbox 1070 1021 1126 1057; x_wconf 89' lang='lat' dir='ltr'>vel</span> <span class='ocrx_word' id='word_1_159' title='bbox 1157 1020 1281 1058; x_wconf 90' lang='lat' dir='ltr'>saltem</span> <span class='ocrx_word' id='word_1_160' title='bbox 1318 1022 1524 1058; x_wconf 86' lang='lat' dir='ltr'>communis</span> <span class='ocrx_word' id='word_1_161' title='bbox 1559 1028 1595 1058; x_wconf 90' lang='lat' dir='ltr'>et</span> <span class='ocrx_word' id='word_1_162' title='bbox 1624 1019 1774 1071; x_wconf 80' lang='lat' dir='ltr'>publica</span> 
     </span>
     <span class='ocr_line' id='line_1_36' title="bbox 419 1082 1778 1134; baseline 0.002 -16"><span class='ocrx_word' id='word_1_163' title='bbox 419 1082 588 1119; x_wconf 90' lang='lat' dir='ltr'>omnium</span> <span class='ocrx_word' id='word_1_164' title='bbox 609 1089 686 1119; x_wconf 90' lang='lat' dir='ltr'>tam</span> <span class='ocrx_word' id='word_1_165' title='bbox 707 1083 914 1133; x_wconf 87' lang='lat' dir='ltr'>parentium</span> <span class='ocrx_word' id='word_1_166' title='bbox 939 1096 1052 1133; x_wconf 88' lang='lat' dir='ltr'>quam</span> <span class='ocrx_word' id='word_1_167' title='bbox 1074 1084 1335 1134; x_wconf 86' lang='lat' dir='ltr'>imperantium</span> <span class='ocrx_word' id='word_1_168' title='bbox 1363 1083 1515 1128; x_wconf 86' lang='lat' dir='ltr'>utilitas,</span> <span class='ocrx_word' id='word_1_169' title='bbox 1535 1084 1592 1121; x_wconf 90' lang='lat' dir='ltr'>sed</span> <span class='ocrx_word' id='word_1_170' title='bbox 1612 1085 1778 1121; x_wconf 74' lang='lat' dir='ltr'>maxime</span> 
     </span>
     <span class='ocr_line' id='line_1_37' title="bbox 419 1144 1771 1199; baseline 0.002 -17"><span class='ocrx_word' id='word_1_171' title='bbox 419 1158 544 1182; x_wconf 90' lang='lat' dir='ltr'>eorum</span> <span class='ocrx_word' id='word_1_172' title='bbox 576 1146 641 1195; x_wconf 88' lang='lat' dir='ltr'>qui</span> <span class='ocrx_word' id='word_1_173' title='bbox 668 1153 810 1196; x_wconf 89' lang='lat' dir='ltr'>parent.</span> <span class='ocrx_word' id='word_1_174' title='bbox 865 1147 968 1184; x_wconf 87' lang='lat' dir='ltr'>Hinc</span> <span class='ocrx_word' id='word_1_175' title='bbox 994 1147 1181 1185; x_wconf 87' lang='lat' dir='ltr'>concludit</span> <span class='ocrx_word' id='word_1_176' title='bbox 1206 1161 1264 1185; x_wconf 89' lang='lat' dir='ltr'>eas</span> <span class='ocrx_word' id='word_1_177' title='bbox 1291 1148 1541 1199; x_wconf 86' lang='lat' dir='ltr'>Respublicas,</span> <span class='ocrx_word' id='word_1_178' title='bbox 1564 1161 1647 1198; x_wconf 87' lang='lat' dir='ltr'>quae</span> <span class='ocrx_word' id='word_1_179' title='bbox 1669 1144 1771 1185; x_wconf 88' lang='lat' dir='ltr'>com-</span> 
     </span>
     <span class='ocr_line' id='line_1_38' title="bbox 421 1207 1771 1263; baseline 0.004 -17"><span class='ocrx_word' id='word_1_180' title='bbox 421 1222 570 1246; x_wconf 88' lang='lat' dir='ltr'>munem</span> <span class='ocrx_word' id='word_1_181' title='bbox 602 1210 768 1260; x_wconf 72' lang='lat' dir='ltr'>spe6tant</span> <span class='ocrx_word' id='word_1_182' title='bbox 796 1211 1010 1256; x_wconf 84' lang='lat' dir='ltr'>utilitatem,</span> <span class='ocrx_word' id='word_1_183' title='bbox 1031 1207 1098 1248; x_wconf 71' lang='lat' dir='ltr'>efle</span> <span class='ocrx_word' id='word_1_184' title='bbox 1126 1210 1235 1250; x_wconf 71' lang='lat' dir='ltr'>rthas</span> <span class='ocrx_word' id='word_1_185' title='bbox 1262 1219 1298 1250; x_wconf 88' lang='lat' dir='ltr'>et</span> <span class='ocrx_word' id='word_1_186' title='bbox 1325 1213 1534 1263; x_wconf 78' lang='lat' dir='ltr'>simpliciter</span> <span class='ocrx_word' id='word_1_187' title='bbox 1547 1209 1683 1262; x_wconf 77' lang='lat' dir='ltr'>justa53</span> <span class='ocrx_word' id='word_1_188' title='bbox 1711 1225 1771 1251; x_wconf 72' lang='lat' dir='ltr'>ean</span> 
     </span>
     <span class='ocr_line' id='line_1_39' title="bbox 419 1274 1770 1326; baseline 0.004 -16"><span class='ocrx_word' id='word_1_189' title='bbox 419 1286 502 1310; x_wconf 88' lang='lat' dir='ltr'>vero</span> <span class='ocrx_word' id='word_1_190' title='bbox 521 1287 604 1323; x_wconf 82' lang='lat' dir='ltr'>quae</span> <span class='ocrx_word' id='word_1_191' title='bbox 624 1274 886 1324; x_wconf 85' lang='lat' dir='ltr'>imperantium</span> <span class='ocrx_word' id='word_1_192' title='bbox 914 1288 954 1312; x_wconf 91' lang='lat' dir='ltr'>ac</span> <span class='ocrx_word' id='word_1_193' title='bbox 981 1276 1193 1326; x_wconf 85' lang='lat' dir='ltr'>principum</span> <span class='ocrx_word' id='word_1_194' title='bbox 1221 1277 1423 1314; x_wconf 87' lang='lat' dir='ltr'>commodis</span> <span class='ocrx_word' id='word_1_195' title='bbox 1442 1278 1622 1315; x_wconf 84' lang='lat' dir='ltr'>duntaxat</span> <span class='ocrx_word' id='word_1_196' title='bbox 1640 1276 1770 1314; x_wconf 84' lang='lat' dir='ltr'>consu·</span> 
     </span>
     <span class='ocr_line' id='line_1_40' title="bbox 418 1337 1770 1392; baseline 0.003 -18"><span class='ocrx_word' id='word_1_197' title='bbox 418 1337 515 1382; x_wconf 87' lang='lat' dir='ltr'>lunt,</span> <span class='ocrx_word' id='word_1_198' title='bbox 536 1337 695 1383; x_wconf 76' lang='lat' dir='ltr'>vitiosas,</span> <span class='ocrx_word' id='word_1_199' title='bbox 725 1338 782 1376; x_wconf 68' lang='lat' dir='ltr'>uoci</span> <span class='ocrx_word' id='word_1_200' title='bbox 811 1341 1036 1389; x_wconf 72' lang='grc' dir='ltr'>παρεκβάσεις</span> <span class='ocrx_word' id='word_1_201' title='bbox 1063 1344 1127 1377; x_wconf 77' lang='grc' dir='ltr'>τῦν</span> <span class='ocrx_word' id='word_1_202' title='bbox 1150 1338 1247 1392; x_wconf 62' lang='grc' dir='ltr'>ὄρὲὤν</span> <span class='ocrx_word' id='word_1_203' title='bbox 1273 1345 1456 1379; x_wconf 70' lang='grc' dir='ltr'>πολιτειῶν.</span> <span class='ocrx_word' id='word_1_204' title='bbox 1512 1341 1614 1378; x_wconf 77' lang='lat' dir='ltr'>Quia</span> <span class='ocrx_word' id='word_1_205' title='bbox 1638 1354 1770 1391; x_wconf 81' lang='lat' dir='ltr'>nempe</span> 
     </span>
     <span class='ocr_line' id='line_1_41' title="bbox 418 1401 1772 1452; baseline 0.002 -14"><span class='ocrx_word' id='word_1_206' title='bbox 418 1402 475 1438; x_wconf 87' lang='lat' dir='ltr'>hae</span> <span class='ocrx_word' id='word_1_207' title='bbox 494 1401 685 1452; x_wconf 86' lang='lat' dir='ltr'>despoticae</span> <span class='ocrx_word' id='word_1_208' title='bbox 705 1402 801 1447; x_wconf 89' lang='lat' dir='ltr'>sunt,</span> <span class='ocrx_word' id='word_1_209' title='bbox 819 1409 855 1440; x_wconf 89' lang='lat' dir='ltr'>et</span> <span class='ocrx_word' id='word_1_210' title='bbox 882 1403 1061 1440; x_wconf 88' lang='lat' dir='ltr'>servorum</span> <span class='ocrx_word' id='word_1_211' title='bbox 1073 1420 1084 1450; x_wconf 79' lang='lat'>3</span> <span class='ocrx_word' id='word_1_212' title='bbox 1115 1404 1188 1440; x_wconf 86' lang='lat' dir='ltr'>illae</span> <span class='ocrx_word' id='word_1_213' title='bbox 1217 1404 1436 1450; x_wconf 85' lang='lat' dir='ltr'>liberorum;</span> <span class='ocrx_word' id='word_1_214' title='bbox 1465 1417 1550 1442; x_wconf 89' lang='lat' dir='ltr'>cum</span> <span class='ocrx_word' id='word_1_215' title='bbox 1580 1405 1709 1442; x_wconf 78' lang='lat' dir='ltr'>civitas</span> <span class='ocrx_word' id='word_1_216' title='bbox 1727 1405 1772 1441; x_wconf 79' lang='lat' dir='ltr'>fit</span> 
     </span>
     <span class='ocr_line' id='line_1_42' title="bbox 418 1459 1768 1519; baseline 0.001 -17"><span class='ocrx_word' id='word_1_217' title='bbox 418 1469 479 1502; x_wconf 71' lang='grc' dir='ltr'>τῶν</span> <span class='ocrx_word' id='word_1_218' title='bbox 511 1464 676 1517; x_wconf 72' lang='grc' dir='ltr'><strong>ἐλευθέρων</strong></span> <span class='ocrx_word' id='word_1_219' title='bbox 704 1468 859 1511; x_wconf 73' lang='grc' dir='ltr'><strong>κοινωνία,</strong></span> <span class='ocrx_word' id='word_1_220' title='bbox 886 1466 1081 1504; x_wconf 85' lang='lat' dir='ltr'>liberorum</span> <span class='ocrx_word' id='word_1_221' title='bbox 1108 1468 1301 1505; x_wconf 90' lang='lat' dir='ltr'>hominum</span> <span class='ocrx_word' id='word_1_222' title='bbox 1322 1480 1395 1505; x_wconf 91' lang='lat' dir='ltr'>non</span> <span class='ocrx_word' id='word_1_223' title='bbox 1415 1468 1684 1519; x_wconf 88' lang='lat' dir='ltr'>mancipiorum</span> <span class='ocrx_word' id='word_1_224' title='bbox 1710 1459 1768 1506; x_wconf 56' lang='lat' dir='ltr'>soe</span> 
     </span>
     <span class='ocr_line' id='line_1_43' title="bbox 417 1536 541 1566; baseline 0.008 -1"><span class='ocrx_word' id='word_1_225' title='bbox 417 1536 541 1566; x_wconf 67' lang='lat' dir='ltr'>cretas.</span> 
     </span>
    </p>
   </div>
   <div class='ocr_carea' id='block_1_9' title="bbox 919 1634 1272 1687">
    <p class='ocr_par' dir='ltr' id='par_1_10' title="bbox 919 1634 1272 1687">
     <span class='ocr_line' id='line_1_44' title="bbox 919 1634 1272 1687; baseline 0.006 -15"><span class='ocrx_word' id='word_1_226' title='bbox 919 1634 982 1673; x_wconf 87' lang='lat' dir='ltr'>Ad</span> <span class='ocrx_word' id='word_1_227' title='bbox 999 1635 1272 1687; x_wconf 64' lang='lat' dir='ltr'>Cap.fiptimzlm</span> 
     </span>
    </p>
   </div>
   <div class='ocr_carea' id='block_1_10' title="bbox 415 1716 1771 2157">
    <p class='ocr_par' dir='ltr' id='par_1_11' title="bbox 415 1716 1771 2157">
     <span class='ocr_line' id='line_1_45' title="bbox 468 1716 1769 1774; baseline 0.005 -18"><span class='ocrx_word' id='word_1_228' title='bbox 468 1716 644 1756; x_wconf 84' lang='lat' dir='ltr'>Recenset</span> <span class='ocrx_word' id='word_1_229' title='bbox 671 1719 897 1769; x_wconf 84' lang='lat' dir='ltr'>Reipublicae</span> <span class='ocrx_word' id='word_1_230' title='bbox 924 1732 1069 1770; x_wconf 86' lang='lat' dir='ltr'>genera,</span> <span class='ocrx_word' id='word_1_231' title='bbox 1095 1733 1179 1770; x_wconf 87' lang='lat' dir='ltr'>quae</span> <span class='ocrx_word' id='word_1_232' title='bbox 1206 1722 1309 1758; x_wconf 85' lang='lat' dir='ltr'>docet</span> <span class='ocrx_word' id='word_1_233' title='bbox 1329 1721 1394 1761; x_wconf 85' lang='lat' dir='ltr'>effe</span> <span class='ocrx_word' id='word_1_234' title='bbox 1412 1721 1484 1759; x_wconf 84' lang='lat' dir='ltr'>tria</span> <span class='ocrx_word' id='word_1_235' title='bbox 1502 1722 1625 1769; x_wconf 68' lang='lat' dir='ltr'>re&amp;a;</span> <span class='ocrx_word' id='word_1_236' title='bbox 1653 1736 1769 1774; x_wconf 77' lang='lat' dir='ltr'>prava</span> 
     </span>
     <span class='ocr_line' id='line_1_46' title="bbox 416 1782 1766 1837; baseline 0.004 -18"><span class='ocrx_word' id='word_1_237' title='bbox 416 1782 583 1820; x_wconf 85' lang='lat' dir='ltr'>totidem:</span> <span class='ocrx_word' id='word_1_238' title='bbox 602 1788 639 1819; x_wconf 85' lang='lat' dir='ltr'>et</span> <span class='ocrx_word' id='word_1_239' title='bbox 655 1783 748 1820; x_wconf 67' lang='lat' dir='ltr'>recta</span> <span class='ocrx_word' id='word_1_240' title='bbox 766 1783 914 1832; x_wconf 88' lang='lat' dir='ltr'>quidem</span> <span class='ocrx_word' id='word_1_241' title='bbox 933 1783 998 1820; x_wconf 82' lang='lat' dir='ltr'>effe</span> <span class='ocrx_word' id='word_1_242' title='bbox 1016 1785 1210 1829; x_wconf 75' lang='grc' dir='ltr'>βασιλείαν,</span> <span class='ocrx_word' id='word_1_243' title='bbox 1227 1784 1415 1834; x_wconf 90' lang='lat' dir='ltr'>Regnum,</span> <span class='ocrx_word' id='word_1_244' title='bbox 1429 1786 1498 1822; x_wconf 86' lang='lat' dir='ltr'>five</span> <span class='ocrx_word' id='word_1_245' title='bbox 1517 1786 1766 1837; x_wconf 88' lang='lat' dir='ltr'>principatum</span> 
     </span>
     <span class='ocr_line' id='line_1_47' title="bbox 415 1846 1768 1901; baseline 0.004 -18"><span class='ocrx_word' id='word_1_246' title='bbox 415 1846 524 1884; x_wconf 84' lang='lat' dir='ltr'>unius</span> <span class='ocrx_word' id='word_1_247' title='bbox 552 1848 742 1884; x_wconf 89' lang='lat' dir='ltr'>communi</span> <span class='ocrx_word' id='word_1_248' title='bbox 774 1848 870 1884; x_wconf 90' lang='lat' dir='ltr'>bono</span> <span class='ocrx_word' id='word_1_249' title='bbox 900 1846 1118 1885; x_wconf 90' lang='lat' dir='ltr'>consulentis</span> <span class='ocrx_word' id='word_1_250' title='bbox 1127 1863 1138 1894; x_wconf 79' lang='lat'>3</span> <span class='ocrx_word' id='word_1_251' title='bbox 1162 1846 1446 1900; x_wconf 72' lang='grc' dir='ltr'><em>Ἀςιστοκρατίαν,</em></span> <span class='ocrx_word' id='word_1_252' title='bbox 1472 1851 1541 1887; x_wconf 84' lang='lat' dir='ltr'>five</span> <span class='ocrx_word' id='word_1_253' title='bbox 1570 1851 1768 1901; x_wconf 85' lang='lat' dir='ltr'>imperium</span> 
     </span>
     <span class='ocr_line' id='line_1_48' title="bbox 415 1911 1769 1964; baseline 0.004 -16"><span class='ocrx_word' id='word_1_254' title='bbox 415 1911 654 1961; x_wconf 86' lang='lat' dir='ltr'>optimatum,</span> <span class='ocrx_word' id='word_1_255' title='bbox 674 1912 709 1949; x_wconf 88' lang='lat' dir='ltr'>id</span> <span class='ocrx_word' id='word_1_256' title='bbox 727 1912 775 1949; x_wconf 85' lang='lat' dir='ltr'>est</span> <span class='ocrx_word' id='word_1_257' title='bbox 794 1912 953 1949; x_wconf 88' lang='lat' dir='ltr'>virorum</span> <span class='ocrx_word' id='word_1_258' title='bbox 973 1911 1275 1949; x_wconf 69' lang='lat' dir='ltr'>seleetiffimorum</span> <span class='ocrx_word' id='word_1_259' title='bbox 1294 1918 1331 1949; x_wconf 87' lang='lat' dir='ltr'>et</span> <span class='ocrx_word' id='word_1_260' title='bbox 1348 1913 1484 1951; x_wconf 89' lang='lat' dir='ltr'>virtute</span> <span class='ocrx_word' id='word_1_261' title='bbox 1501 1915 1769 1964; x_wconf 77' lang='lat' dir='ltr'>praestantium,</span> 
     </span>
     <span class='ocr_line' id='line_1_49' title="bbox 416 1976 1770 2028; baseline 0.004 -16"><span class='ocrx_word' id='word_1_262' title='bbox 416 1976 601 2026; x_wconf 79' lang='lat' dir='ltr'>publicam</span> <span class='ocrx_word' id='word_1_263' title='bbox 620 1976 817 2013; x_wconf 88' lang='lat' dir='ltr'>utilitatem</span> <span class='ocrx_word' id='word_1_264' title='bbox 837 1976 1130 2026; x_wconf 86' lang='lat' dir='ltr'>procurantium;</span> <span class='ocrx_word' id='word_1_265' title='bbox 1156 1978 1339 2018; x_wconf 73' lang='grc' dir='ltr'><strong><em>πολιτείαν,</em></strong></span> <span class='ocrx_word' id='word_1_266' title='bbox 1358 1978 1642 2028; x_wconf 87' lang='lat' dir='ltr'>Rempublicam</span> <span class='ocrx_word' id='word_1_267' title='bbox 1667 1993 1770 2018; x_wconf 90' lang='lat' dir='ltr'>com-</span> 
     </span>
     <span class='ocr_line' id='line_1_50' title="bbox 416 2037 1771 2093; baseline 0.002 -16"><span class='ocrx_word' id='word_1_268' title='bbox 416 2039 523 2077; x_wconf 89' lang='lat' dir='ltr'>muni</span> <span class='ocrx_word' id='word_1_269' title='bbox 541 2039 756 2077; x_wconf 69' lang='lat' dir='ltr'>nomine&#39;sic</span> <span class='ocrx_word' id='word_1_270' title='bbox 774 2039 927 2085; x_wconf 67' lang='lat' dir='ltr'>dictam,</span> <span class='ocrx_word' id='word_1_271' title='bbox 946 2039 1015 2077; x_wconf 78' lang='lat' dir='ltr'>five</span> <span class='ocrx_word' id='word_1_272' title='bbox 1030 2039 1233 2089; x_wconf 88' lang='lat' dir='ltr'>Imperium</span> <span class='ocrx_word' id='word_1_273' title='bbox 1251 2040 1380 2090; x_wconf 89' lang='lat' dir='ltr'>populi</span> <span class='ocrx_word' id='word_1_274' title='bbox 1399 2037 1546 2091; x_wconf 78' lang='lat' dir='ltr'>publico</span> <span class='ocrx_word' id='word_1_275' title='bbox 1562 2043 1659 2079; x_wconf 91' lang='lat' dir='ltr'>bono</span> <span class='ocrx_word' id='word_1_276' title='bbox 1684 2056 1771 2093; x_wconf 77' lang='lat' dir='ltr'>pro-</span> 
     </span>
     <span class='ocr_line' id='line_1_51' title="bbox 415 2103 1768 2157; baseline 0.003 -17"><span class='ocrx_word' id='word_1_277' title='bbox 415 2103 612 2154; x_wconf 85' lang='lat' dir='ltr'>spicientis.</span> <span class='ocrx_word' id='word_1_278' title='bbox 666 2104 780 2141; x_wconf 84' lang='lat' dir='ltr'>Prava</span> <span class='ocrx_word' id='word_1_279' title='bbox 810 2109 933 2141; x_wconf 88' lang='lat' dir='ltr'>autem</span> <span class='ocrx_word' id='word_1_280' title='bbox 964 2103 1031 2140; x_wconf 83' lang='lat' dir='ltr'>effe</span> <span class='ocrx_word' id='word_1_281' title='bbox 1057 2103 1115 2140; x_wconf 89' lang='lat' dir='ltr'>his</span> <span class='ocrx_word' id='word_1_282' title='bbox 1140 2105 1314 2154; x_wconf 76' lang='lat' dir='ltr'>opposita,</span> <span class='ocrx_word' id='word_1_283' title='bbox 1341 2112 1384 2142; x_wconf 89' lang='lat' dir='ltr'>ut</span> <span class='ocrx_word' id='word_1_284' title='bbox 1411 2104 1495 2142; x_wconf 88' lang='lat' dir='ltr'>sunt</span> <span class='ocrx_word' id='word_1_285' title='bbox 1520 2106 1678 2157; x_wconf 64' lang='grc' dir='ltr'><strong><em>τυραννὶς,</em></strong></span> <span class='ocrx_word' id='word_1_286' title='bbox 1695 2107 1768 2144; x_wconf 74' lang='lat' dir='ltr'>five</span> 
     </span>
    </p>
   </div>
   <div class='ocr_carea' id='block_1_11' title="bbox 408 2167 1767 2220">
    <p class='ocr_par' dir='ltr' id='par_1_12' title="bbox 408 2167 1767 2220">
     <span class='ocr_line' id='line_1_52' title="bbox 408 2167 1767 2220; baseline 0.001 -16"><span class='ocrx_word' id='word_1_287' title='bbox 408 2167 628 2204; x_wconf 48' lang='lat' dir='ltr'>&#39;dominatus</span> <span class='ocrx_word' id='word_1_288' title='bbox 654 2168 764 2204; x_wconf 89' lang='lat' dir='ltr'>unius</span> <span class='ocrx_word' id='word_1_289' title='bbox 792 2167 856 2216; x_wconf 93' lang='lat' dir='ltr'>qui</span> <span class='ocrx_word' id='word_1_290' title='bbox 886 2167 988 2204; x_wconf 88' lang='lat' dir='ltr'>suam</span> <span class='ocrx_word' id='word_1_291' title='bbox 1018 2167 1141 2216; x_wconf 87' lang='lat' dir='ltr'>potius</span> <span class='ocrx_word' id='word_1_292' title='bbox 1169 2181 1282 2217; x_wconf 86' lang='lat' dir='ltr'>quam</span> <span class='ocrx_word' id='word_1_293' title='bbox 1307 2167 1451 2206; x_wconf 89' lang='lat' dir='ltr'>suorum</span> <span class='ocrx_word' id='word_1_294' title='bbox 1472 2168 1606 2220; x_wconf 65' lang='lat' dir='ltr'>spectet</span> <span class='ocrx_word' id='word_1_295' title='bbox 1623 2170 1767 2208; x_wconf 56' lang='lat' dir='ltr'>utilita„</span> 
     </span>
    </p>
   </div>
   <div class='ocr_carea' id='block_1_12' title="bbox 417 2230 1768 2463">
    <p class='ocr_par' dir='ltr' id='par_1_13' title="bbox 417 2230 1768 2463">
     <span class='ocr_line' id='line_1_53' title="bbox 417 2230 1768 2282; baseline 0.003 -14"><span class='ocrx_word' id='word_1_296' title='bbox 417 2239 492 2269; x_wconf 83' lang='lat' dir='ltr'>tem</span> <span class='ocrx_word' id='word_1_297' title='bbox 507 2248 518 2277; x_wconf 89' lang='lat'>;</span> <span class='ocrx_word' id='word_1_298' title='bbox 551 2230 774 2282; x_wconf 68' lang='grc' dir='ltr'>Ὀλιγαρχία,</span> <span class='ocrx_word' id='word_1_299' title='bbox 811 2233 880 2268; x_wconf 86' lang='lat' dir='ltr'>five</span> <span class='ocrx_word' id='word_1_300' title='bbox 914 2243 1115 2281; x_wconf 90' lang='lat' dir='ltr'>paucorum</span> <span class='ocrx_word' id='word_1_301' title='bbox 1148 2232 1348 2282; x_wconf 87' lang='lat' dir='ltr'>Imperium</span> <span class='ocrx_word' id='word_1_302' title='bbox 1381 2232 1541 2270; x_wconf 86' lang='lat' dir='ltr'>divitum</span> <span class='ocrx_word' id='word_1_303' title='bbox 1573 2234 1768 2272; x_wconf 82' lang='lat' dir='ltr'>commoda</span> 
     </span>
     <span class='ocr_line' id='line_1_54' title="bbox 419 2294 1766 2347; baseline 0.003 -15"><span class='ocrx_word' id='word_1_304' title='bbox 419 2296 686 2345; x_wconf 65' lang='lat' dir='ltr'>quaerentium</span> <span class='ocrx_word' id='word_1_305' title='bbox 716 2294 933 2347; x_wconf 65' lang='grc' dir='ltr'>δημοκρατία,</span> <span class='ocrx_word' id='word_1_306' title='bbox 961 2295 1030 2332; x_wconf 86' lang='lat' dir='ltr'>five</span> <span class='ocrx_word' id='word_1_307' title='bbox 1061 2295 1213 2345; x_wconf 82' lang='lat' dir='ltr'>potestas</span> <span class='ocrx_word' id='word_1_308' title='bbox 1240 2296 1390 2346; x_wconf 89' lang='lat' dir='ltr'>plebeiae</span> <span class='ocrx_word' id='word_1_309' title='bbox 1418 2297 1665 2335; x_wconf 87' lang='lat' dir='ltr'>multitudinis</span> <span class='ocrx_word' id='word_1_310' title='bbox 1689 2298 1766 2336; x_wconf 78' lang='lat' dir='ltr'>re‘m</span> 
     </span>
     <span class='ocr_line' id='line_1_55' title="bbox 418 2359 1767 2410; baseline 0.003 -14"><span class='ocrx_word' id='word_1_311' title='bbox 418 2360 464 2396; x_wconf 88' lang='lat' dir='ltr'>ad</span> <span class='ocrx_word' id='word_1_312' title='bbox 494 2359 682 2409; x_wconf 86' lang='lat' dir='ltr'>egentium</span> <span class='ocrx_word' id='word_1_313' title='bbox 720 2366 756 2397; x_wconf 90' lang='lat' dir='ltr'>et</span> <span class='ocrx_word' id='word_1_314' title='bbox 790 2360 1014 2410; x_wconf 87' lang='lat' dir='ltr'>plebeiorum</span> <span class='ocrx_word' id='word_1_315' title='bbox 1052 2360 1246 2397; x_wconf 89' lang='lat' dir='ltr'>hominum</span> <span class='ocrx_word' id='word_1_316' title='bbox 1277 2361 1575 2399; x_wconf 85' lang='lat' dir='ltr'>commoditatem</span> <span class='ocrx_word' id='word_1_317' title='bbox 1608 2361 1767 2402; x_wconf 86' lang='lat' dir='ltr'>admini-</span> 
     </span>
     <span class='ocr_line' id='line_1_56' title="bbox 418 2424 576 2463; baseline 0.019 -3"><span class='ocrx_word' id='word_1_318' title='bbox 418 2424 576 2463; x_wconf 76' lang='lat' dir='ltr'>strantis.</span> 
     </span>
    </p>
   </div>
   <div class='ocr_carea' id='block_1_13' title="bbox 914 2529 1272 2582">
    <p class='ocr_par' dir='ltr' id='par_1_14' title="bbox 914 2529 1272 2582">
     <span class='ocr_line' id='line_1_57' title="bbox 914 2529 1272 2582; baseline 0.003 -15"><span class='ocrx_word' id='word_1_319' title='bbox 914 2529 978 2568; x_wconf 85' lang='lat' dir='ltr'>Ad</span> <span class='ocrx_word' id='word_1_320' title='bbox 997 2529 1081 2582; x_wconf 87' lang='lat' dir='ltr'>Cap.</span> <span class='ocrx_word' id='word_1_321' title='bbox 1100 2531 1272 2568; x_wconf 63' lang='lat' dir='ltr'>odavum.</span> 
     </span>
    </p>
   </div>
   <div class='ocr_carea' id='block_1_14' title="bbox 414 2616 1768 2860">
    <p class='ocr_par' dir='ltr' id='par_1_15' title="bbox 414 2616 1768 2860">
     <span class='ocr_line' id='line_1_58' title="bbox 470 2616 1768 2670; baseline 0.003 -17"><span class='ocrx_word' id='word_1_322' title='bbox 470 2617 644 2667; x_wconf 84' lang='lat' dir='ltr'>Explicat</span> <span class='ocrx_word' id='word_1_323' title='bbox 661 2616 826 2667; x_wconf 86' lang='lat' dir='ltr'>pluribus</span> <span class='ocrx_word' id='word_1_324' title='bbox 845 2617 960 2654; x_wconf 84' lang='lat' dir='ltr'>verbis</span> <span class='ocrx_word' id='word_1_325' title='bbox 979 2616 1037 2655; x_wconf 74' lang='grc' dir='ltr'>καὶ</span> <span class='ocrx_word' id='word_1_326' title='bbox 1057 2616 1113 2655; x_wconf 62' lang='grc' dir='ltr'>διὰ</span> <span class='ocrx_word' id='word_1_327' title='bbox 1130 2620 1349 2670; x_wconf 55' lang='lat' dir='ltr'>pangam-5201»,</span> <span class='ocrx_word' id='word_1_328' title='bbox 1368 2622 1411 2654; x_wconf 90' lang='lat' dir='ltr'>ut</span> <span class='ocrx_word' id='word_1_329' title='bbox 1427 2617 1603 2667; x_wconf 87' lang='lat' dir='ltr'>loquitur,</span> <span class='ocrx_word' id='word_1_330' title='bbox 1622 2632 1706 2668; x_wconf 83' lang='lat' dir='ltr'>quae</span> <span class='ocrx_word' id='word_1_331' title='bbox 1722 2619 1768 2666; x_wconf 79' lang='lat' dir='ltr'>de</span> 
     </span>
     <span class='ocr_line' id='line_1_59' title="bbox 416 2680 1765 2732; baseline 0 -14"><span class='ocrx_word' id='word_1_332' title='bbox 416 2681 645 2731; x_wconf 86' lang='lat' dir='ltr'>Reipublicae</span> <span class='ocrx_word' id='word_1_333' title='bbox 663 2681 853 2730; x_wconf 88' lang='lat' dir='ltr'>generibus</span> <span class='ocrx_word' id='word_1_334' title='bbox 870 2680 965 2719; x_wconf 83' lang='lat' dir='ltr'>dixit</span> <span class='ocrx_word' id='word_1_335' title='bbox 982 2680 1112 2730; x_wconf 87' lang='lat' dir='ltr'>supra;</span> <span class='ocrx_word' id='word_1_336' title='bbox 1141 2681 1316 2731; x_wconf 84' lang='lat' dir='ltr'>docetque</span> <span class='ocrx_word' id='word_1_337' title='bbox 1332 2682 1582 2732; x_wconf 86' lang='lat' dir='ltr'>Tyrannidem</span> <span class='ocrx_word' id='word_1_338' title='bbox 1601 2682 1667 2720; x_wconf 82' lang='lat' dir='ltr'>effe</span> <span class='ocrx_word' id='word_1_339' title='bbox 1685 2696 1765 2722; x_wconf 76' lang='lat' dir='ltr'>mo-</span> 
     </span>
     <span class='ocr_line' id='line_1_60' title="bbox 415 2736 1768 2796; baseline 0.002 -15"><span class='ocrx_word' id='word_1_340' title='bbox 415 2745 604 2781; x_wconf 88' lang='lat' dir='ltr'>narchiam</span> <span class='ocrx_word' id='word_1_341' title='bbox 633 2744 871 2794; x_wconf 84' lang='lat' dir='ltr'>despoticam,</span> <span class='ocrx_word' id='word_1_342' title='bbox 889 2743 928 2780; x_wconf 87' lang='lat' dir='ltr'>in</span> <span class='ocrx_word' id='word_1_343' title='bbox 955 2744 1100 2781; x_wconf 89' lang='lat' dir='ltr'>civilem</span> <span class='ocrx_word' id='word_1_344' title='bbox 1128 2743 1346 2789; x_wconf 80' lang='lat' dir='ltr'>societatem,</span> <span class='ocrx_word' id='word_1_345' title='bbox 1366 2736 1493 2794; x_wconf 25' lang='lat' dir='ltr'>qualis·</span> <span class='ocrx_word' id='word_1_346' title='bbox 1512 2744 1646 2783; x_wconf 85' lang='lat' dir='ltr'>scilicet</span> <span class='ocrx_word' id='word_1_347' title='bbox 1664 2748 1768 2796; x_wconf 73' lang='lat' dir='ltr'>p&#39;ote-</span> 
     </span>
     <span class='ocr_line' id='line_1_61' title="bbox 414 2799 1765 2860; baseline 0.001 -13"><span class='ocrx_word' id='word_1_348' title='bbox 414 2808 483 2847; x_wconf 75' lang='lat' dir='ltr'>stas</span> <span class='ocrx_word' id='word_1_349' title='bbox 512 2808 563 2846; x_wconf 66' lang='lat' dir='ltr'>est</span> <span class='ocrx_word' id='word_1_350' title='bbox 588 2807 632 2846; x_wconf 65' lang='lat' dir='ltr'>‘in</span> <span class='ocrx_word' id='word_1_351' title='bbox 656 2808 788 2848; x_wconf 75' lang='lat' dir='ltr'>servos.</span> <span class='ocrx_word' id='word_1_352' title='bbox 836 2806 938 2846; x_wconf 64' lang='lat' dir='ltr'>‘Item</span> <span class='ocrx_word' id='word_1_353' title='bbox 955 2801 1294 2860; x_wconf 56' lang='lat' dir='ltr'>oii‘garchiam&#39;effe</span> <span class='ocrx_word' id='word_1_354' title='bbox 1309 2802 1396 2847; x_wconf 58' lang='lat' dir='ltr'>cam</span> <span class='ocrx_word' id='word_1_355' title='bbox 1413 2800 1544 2849; x_wconf 65' lang='lat' dir='ltr'>divites·</span> <span class='ocrx_word' id='word_1_356' title='bbox 1569 2799 1765 2849; x_wconf 54' lang='lat' dir='ltr'>&amp;offian-</span> 
     </span>
    </p>
   </div>
  </div>
 </body>
</html>
