1904 3308
305 227 692 274 POLITICORUM
720 214 1085 270 Amsro‘rss'ms,
1115 227 1188 266 111.
1217 238 1258 278 9,
1281 237 1342 264 10.
1405 214 1513 264 ‘mv

127 350 216 391 tur;
243 343 539 391 Democratiam,
566 357 654 382 cum
681 342 788 394 egeni
814 355 833 380 e
860 341 979 392 plebe.
1032 332 1171 389 Neque
1198 337 1326 374 debere
1347 337 1412 374 has
1433 335 1512 387 spe-

127 409 202 447 cies
229 415 308 452 tam
334 423 493 448 numero
518 410 679 447 divitum
708 414 773 446 aut
801 405 1003 458 egenorum
1030 402 1223 449 aestimari,
1239 399 1355 454 quam
1383 401 1513 439 condi-

128 473 241 512 tione.
298 475 358 512 Ita
378 482 421 512 ut
439 474 667 526 Oligarchiae
686 478 775 510 nota
792 472 848 516 fit,
872 484 959 508 cum
987 460 1121 507 divites
1141 469 1211 505 five
1231 467 1369 504 nobiles
1387 473 1424 503 et
1444 479 1512 516 po-

128 538 318 583 tentiores,
350 539 407 577 vel
439 539 550 591 pauci
582 538 639 576 vel
671 537 793 589 plures
826 535 1098 574 dominantur·
1087 562 1099 581 ‚
1129 522 1381 571 Democratiae
1414 543 1513 577 vero,

127 616 217 641 cum
236 617 414 656 pauperes
440 612 476 642 et
502 603 687 655 plebeii1
665 603 734 640 five
762 601 883 653 plures
904 601 987 644 fint,
1008 600 1078 637 five
1097 598 1220 650 pauci.
1278 588 1513 646 Quanquam

130 666 303 706 rariffime
330 668 515 719 contingit
543 666 725 719 plurimos
752 665 818 704 effe
838 666 877 703 in
897 663 1139 715 Oligarchia3
1169 676 1255 701 cum
1287 674 1424 700 nomen
1453 661 1513 712 ip-

129 732 213 771 sum
240 734 466 785 paucitatem
496 732 675 784 significet
700 730 993 783 imperantium:
1024 735 1062 767 et
1089 742 1225 780 paucos
1246 728 1284 766 in
1303 727 1512 780 ,Democra-

129 798 201 853 tia?
219 794 306 836 cum
326 798 437 849 pauci
456 811 633 850 pauperes
652 797 716 835 vix
734 786 865 848 possint
885 787 1101 846 imperium,
1121 793 1382 843 summamque
1408 798 1516 842 pote-

130 862 259 901 statem
279 862 463 915 usurpare.

657 969 721 1008 Ad
741 969 831 1022 Cap.
850 963 984 1007 nonum.

159 1055 405 1098 'Laudabant
441 1057 682 1097 Athenienses
718 1058 1014 1102 Democratiam,
1053 1054 1326 1095 Lacedaemonii
1364 1053 1517 1106 Olig·ar·-¹

128 1123 253 1177 chiam
282 1129 326 1160 ut
346 1122 476 1174 justas.
532 1122 594 1160 Illi
621 1123 722 1160 enim
753 1130 797 1159 ut
828 1129 864 1159 et
894 1121 1145 1160 Democratici
1174 1133 1318 1164 omneS,
1345 1119 1519 1169 dicebant

129 1183 227 1226 inter
245 1202 349 1240 pares
368 1189 551 1234 libertate,
571 1188 700 1226 omnia
718 1186 824 1239 paria
843 1187 911 1225 effe
928 1188 1080 1234 debere5
1110 1186 1181 1231 Hi,
1200 1187 1298 1224 inter
1324 1198 1431 1236 pares
1448 1198 1518 1236 po·

132 1253 249 1291 tentia
266 1260 303 1292 et
319 1254 475 1292 divitiis.
530 1253 631 1291 Cum
653 1253 770 1304 igitur
796 1253 835 1290 hi
861 1260 898 1290 et
927 1252 982 1290 illi
1010 1252 1188 1302 aequitate
1207 1252 1369 1302 quadam
1390 1250 1517 1288 nitan-

131 1326 207 1383 tur,
233 1317 318 1370 jure
350 1333 497 1371 quoque
531 1319 603 1357 niti
639 1319 824 1358 videntur.
880 1318 1092 1369 Respondet
1124 1317 1336 1355 Aristoteles
1369 1322 1517 1354 neutros

131 1387 261 1424 verum
293 1386 438 1424 dicere:
470 1386 538 1424 Sed
571 1386 663 1423 duas
692 1387 741 1423 ob
768 1384 893 1422 causas
922 1383 1064 1422 erraffe.
1120 1383 1224 1421 Prior
1252 1383 1316 1428 est,
1345 1383 1445 1434 quod
1472 1383 1518 1421 de
1530 1376 1580 1419 De
1595 1389 1730 1429 propriis

128 1447 248 1503 seipsis
261 1450 485 1502 judicarent,
505 1450 626 1502 σχεδον
645 1449 678 1488 ὃ
693 1453 723 1488 οἵ
742 1455 897 1489 πλειστοι
917 1453 1043 1500 φαυλοι
1064 1465 1175 1501 ›epm-at
1197 1465 1276 1502 ωεςι
1296 1465 1359 1487 των
1383 1449 1516 1487 οἷκεῖων.
1527 1432 1738 1514 ῗὲἓῗέεζῃΐῖιὲε

129 1519 260 1581 Atque
287 1524 331 1555 ut
357 1517 463 1555 aiunt
486 1516 749 1568 Jureconsulti,
778 1528 890 1553 nemo
925 1515 962 1552 in
992 1514 1055 1551 sua
1080 1514 1187 1552 causa
1209 1512 1377 1564 judicare
1399 1515 1520 1560 debet,
1531 1520 1594 1551 fere
1607 1519 1716 1551 multi.

130 1579 197 1622 aut
209 1582 294 1634 jure
313 1583 443 1634 potest.
500 1582 690 1628 Posterior,
714 1581 813 1632 quod
842 1579 1107 1618 ratiocinentur
1133 1593 1179 1616 ex
1206 1579 1456 1630 paralogismo
1482 1586 1520 1617 et

126 1649 300 1700 captione
318 1662 340 1686 a
358 1647 459 1686 dieto
478 1647 677 1685 secundum
707 1647 810 1698 quid,
830 1645 890 1683 seu
909 1659 953 1683 ex
973 1654 1090 1696 parte,
1109 1646 1156 1683 ad
1174 1644 1317 1682 dmum
1339 1645 1519 1696 fimplici-

127 1701 186 1751 ter
203 1719 240 1751 et
259 1705 429 1750 omnino,
482 1712 574 1750 Non
594 1712 694 1749 enim
715 1711 811 1749 reete
830 1711 998 1761 sequitur
1023 1724 1084 1748 eos
1104 1710 1171 1760 qui
1191 1710 1316 1761 aliqua
1337 1724 1381 1748 ex
1398 1717 1518 1762 parte,

128 1785 223 1830 puta
239 1771 423 1823 libertate,
443 1778 500 1814 vel
520 1778 662 1815 divitiis
692 1776 775 1814 sunt
802 1789 919 1827 pares,
939 1776 1020 1813 ideo
1049 1776 1088 1813 in
1116 1776 1290 1814 omnibus
1310 1775 1375 1814 effe
1395 1790 1515 1828 pares,

131 1842 272 1881 Statuit
299 1855 399 1893 erg0,
429 1856 505 1880 non
535 1842 698 1885 divitias,
727 1855 803 1879 non
831 1841 1054 1886 libertatem,
1083 1840 1142 1878 sed
1169 1841 1349 1879 virtutem
1379 1842 1446 1880 effe
1476 1843 1515 1880 in

129 1908 279 1970 civitate
297 1908 334 1945 το
355 1907 581 1959 κυριώτατον,
611 1913 724 1958 atque
752 1908 842 1944 adeo
861 1919 963 1943 veros
982 1906 1080 1944 cives
1107 1905 1175 1944 effe
1205 1919 1280 1944 non
1308 1907 1516 1954 ditiffimos,
1529 1908 1654 1950 Optimi
1670 1908 1718 1940 05-

131 1985 206 2010 non
236 1968 490 2017 nobiliffimos,
508 1985 584 2009 non
611 1972 830 2016 liberrimos,
849 1970 909 2008 sed
938 1972 1004 2021 qui
1033 1971 1103 2008 viri
1123 1972 1194 2008 fint
1217 1972 1382 2022 optimi:
1415 1974 1516 2023 quod

126 2032 262 2090 probat
293 2051 316 2076 a
346 2036 418 2075 fine
450 2037 627 2082 civitatis,
661 2051 747 2089 quae
778 2050 854 2074 non
882 2036 983 2082 vitae,
1011 2050 1085 2074 non
1119 2037 1243 2075 mutui
1272 2038 1420 2084 auxilii,
1440 2052 1516 2077 non

124 2098 449 2148 commerciorum,
470 2103 630 2155 (alioqui
648 2101 941 2153 disjun&iffimae
968 2102 1138 2140 nationes
1166 2103 1263 2140 inter
1292 2117 1384 2154 quas
1412 2117 1517 2142 com-

131 2168 268 2206 mercia
285 2166 385 2214 sunt,
405 2174 612 2219 mutuaque
640 2167 796 2211 auxilia,
816 2165 977 2217 ejusdem
1006 2168 1214 2205 dicerentur
1237 2167 1304 2205 effe
1331 2168 1519 2220 civitatis)¹

127 2231 185 2272 sed
204 2235 296 2271 bene
313 2234 491 2284 beateque
517 2233 666 2270 vivendi
689 2232 810 2276 causa,
831 2232 868 2270 id
888 2232 939 2269 est
958 2233 1004 2270 ad
1023 2233 1173 2270 virtutis
1190 2233 1349 2277 cultum,
1369 2235 1431 2271 cui
1451 2234 1516 2271 ad-

123 2298 256 2350 junaa
272 2299 316 2338 fit
329 2289 516 2337 'sufficiens
534 2305 771 2336 externorum
791 2298 972 2336 bonorum
992 2299 1112 2349 copia,
1131 2298 1181 2337 est
1199 2298 1381 2337 instituta.

1529 1998 1612 2028 timi.

638 2404 703 2444 Ad
722 2405 812 2457 Cap.
832 2405 1008 2446 decimum.

181 2492 334 2533 Differit
352 2494 396 2532 de
416 2493 630 2545 principatu
657 2493 834 2541 civitatis,
864 2493 934 2530 five
963 2493 1010 2531 de
1040 2492 1189 2531 summa
1208 2494 1456 2546 Reipublicae,
1478 2496 1517 2534 τὸ

129 2561 234 2614 ᾳῦριοι
260 2562 320 2603 τῆς
349 2561 485 2603 πόλεως,
506 2557 694 2610 appellat:
726 2558 936 2608 quaeritque
964 2571 1075 2609 penes
1103 2572 1230 2610 quem,
1256 2560 1314 2597 vel
1343 2560 1382 2597 in
1410 2560 1518 2609 cujus

130 2642 248 2668 manu
267 2642 311 2667 ac
331 2627 508 2679 potestate
526 2626 594 2664 effe
611 2626 754 2671 debeat,
774 2639 820 2663 an
841 2626 881 2663 in
900 2625 1012 2664 unius
1041 2627 1193 2678 optimi,
1213 2641 1262 2665 an
1282 2629 1447 2678 tyranni,
1466 2642 1517 2667 an

127 2694 333 2733 multorum
365 2692 518 2729 arbitrio
546 2704 587 2728 ac
614 2690 848 2728 direffione?
878 2691 1009 2742 Atque
1039 2693 1135 2730 hanc
1165 2693 1318 2743 quidem
1347 2693 1516 2746 disputa·

126 2758 269 2796 tionem
288 2763 368 2798 ‚toto
386 2756 461 2794 fere
481 2756 624 2806 reliquo
642 2755 738 2793 libro
755 2755 999 2807 persequitur.
1054 2757 1141 2795 Hoc
1161 2758 1279 2809 igitur
1295 2759 1415 2810 capite
1434 2773 1515 2798 om·
1528 2766 1718 2799 Incommo-

128 2823 239 2872 nium
274 2815 589 2874 gubernationum
626 2821 696 2858 five
733 2821 1016 2872 principatuum
1064 2822 1303 2862 incommoda
1339 2825 1515 2864 declarat.
1527 2811 1724 2885 (ἐξιξῗξῳσῗ

128 2887 382 2931 Democratiae
401 2878 570 2940 quidem,
588 2886 688 2939 quod
703 2899 886 2939 pauperes
913 2892 951 2924 et
977 2887 1111 2939 plebeii
1131 2901 1266 2929 manus
1284 2888 1456 2942 injiciant
1477 2892 1515 2930 in
1529 2864 1697 2930 minumg.¹

806 2964 870 2991 :2

1528 1963 1595 1991 ves,
1606 1953 1664 1984 viri
1675 1961 1735 1994 op·
1782 1981 1785 1983 .
