1904 3308
295 169 678 216 POLITICORUM
707 164 1069 208 ARISTOTELIS.
1105 164 1182 203 111.
1214 171 1277 216 ¹5·
1439 159 1493 202 xli

110 290 260 342 quidem
281 299 392 340 penes
411 283 592 336 ejusmodi
618 287 723 334 τεῳ
749 278 908 332 potestas
935 283 1014 315 erat
1038 276 1140 320 belli,
1159 275 1358 319 sacrorum,
1376 278 1414 311 et
1426 270 1494 323 ju·

110 356 307 394 diciorum.
364 352 425 390 Ad
451 350 594 402 judicia
622 354 747 387 autem
776 345 995 383 accedebant
1014 342 1077 380 alii
1097 340 1260 393 praestito
1278 338 1493 390 jurejuran-

111 421 175 465 do,
194 419 256 457 alii
276 430 350 456 non
372 415 547 469 praestito,
567 418 583 452 ὃ
602 413 634 452 δῖ
653 413 736 466 ἕρκος
755 408 792 453 ἦν
811 414 871 449 τοῦ
890 408 1060 461 curium-'pov
1086 406 1313 448 ἔπαιαῖτασις.
1370 403 1493 452 Jusju-

114 483 261 523 randum
281 491 393 521 autem
411 479 620 531 eratfieptri
640 477 751 515 elatio.
807 475 876 513 Sed
905 481 940 511 et
968 472 1127 510 solemne
1151 471 1242 508 olim
1271 475 1349 507 erat
1369 468 1495 519 jurare

116 561 182 600 per
210 547 330 599 ipsum
365 546 564 596 sceptrum,
594 549 638 581 ut
663 542 752 580 fecit
777 539 942 578 Achilles
961 538 1061 590 apud
1079 537 1303 575 Homerum.
1361 532 1494 583 Legati
1507 546 1600 578 mad,
1614 547 1637 578 ς,

118 614 231 651 etiam
252 611 390 650 oraturi
410 611 590 660 sceptrum
611 607 801 645 tollebant.
858 603 1050 642 Quintum
1071 601 1295 643 absolutum,
1315 606 1358 637 ut
1377 599 1496 643 aiunt,
1508 591 1599 624 1¹³²ss
1614 590 1669 621 Vli-

118 678 272 728 simplex
291 684 327 714 et
344 675 547 716 summum,
567 672 668 723 quod
694 671 761 722 qui
790 669 898 720 gerit,
928 668 1060 707 πάντων
1090 667 1135 709 εἷς
1163 667 1268 718 κῦςιός
1298 668 1387 709 ἔστι,
1414 676 1497 701 om-

122 743 228 780 nium
259 740 389 778 unicus'
407 738 456 776 est
475 735 714 786 summusque
740 733 915 772 dominus
929 748 940 780 ς
970 732 1093 783 estque
1112 730 1151 768 in
1170 729 1234 768 suo
1253 742 1379 780 regno,
1399 727 1500 779 quod

124 807 163 850 in
184 805 330 844 familia
346 804 396 841 est
415 801 695 855 paterfamilias.

552 887 615 927 Ad
636 886 722 940 Cap.
742 883 1072 937 decimumquintum.

176 968 309 1008 Refert
336 966 464 1006 omnia
492 978 688 1017 regnorum
717 976 853 1014 genera
879 962 925 1000 ad
953 962 1041 1006 duo,
1061 973 1195 1010 nempe
1215 959 1262 997 ad
1281 957 1504 1003 absolutum,

126 1035 228 1086 quod
263 1040 370 1072 vocat
403 1033 591 1082 eleganter
626 1030 909 1079 παμβασίλειαι,
940 1026 1056 1064 etad
1092 1025 1332 1063 Laconicum.
1389 1023 1506 1062 Quod
1517 1021 1672 1063 παμβασί-

127 1100 226 1139 idem
245 1100 295 1137 est
314 1112 356 1137 ac
376 1099 401 1136 fi
420 1098 556 1135 diceret
576 1108 732 1147 regnum
753 1093 854 1132 aliud
873 1091 938 1129 effe
959 1092 1128 1142 plenum,
1147 1098 1183 1127 et
1211 1089 1418 1134 infinitum,
1435 1090 1508 1127 five
1518 1075 1595 1100 Μ’·

129 1165 242 1216 plane
260 1163 402 1215 legibus
421 1162 581 1200 solutum
611 1167 647 1198 et
674 1159 855 1210 supremae
879 1156 1137 1199 autS’toritatis3
1167 1155 1269 1192 aliud
1286 1154 1509 1205 dependens,

129 1236 167 1268 et
194 1230 337 1280 legibus
365 1226 570 1271 astriaum,
598 1239 665 1263 nec
694 1223 870 1262 absolutae
900 1221 1102 1273 potestatis.
1156 1221 1242 1258 Hoc
1269 1220 1384 1270 pofito
1416 1219 1510 1257 duas

130 1295 305 1346 proponit
335 1293 564 1344 quaestiones.
620 1290 723 1328 Prior
737 1289 787 1327 est
805 1301 852 1326 an
873 1302 892 1325 e
912 1300 951 1325 re
967 1285 1131 1324 civitatis
1149 1286 1204 1330 fit,
1223 1285 1388 1336 aliquem
1409 1284 1448 1322 in
1467 1297 1511 1321 ea

129 1359 196 1398 effe
229 1359 456 1396 Laconicum
486 1369 609 1407 regem
640 1355 709 1392 five
736 1359 956 1405 perpetuum
987 1351 1074 1389 belli
1100 1351 1249 1396 ducem,
1277 1363 1440 1401 eumque
1465 1362 1512 1387 ex

133 1431 234 1463 certa
261 1431 297 1461 et
326 1420 456 1460 illustri
484 1420 643 1466 familia,
661 1427 727 1457 aut
754 1433 774 1456 e
797 1418 986 1468 qualibet;
1015 1423 1052 1454 et
1080 1418 1175 1453 hanc
1194 1416 1386 1466 relinquit.
1442 1416 1512 1453 Po-

130 1489 256 1528 sterior
283 1502 328 1526 an
355 1488 526 1539 expediat
554 1487 600 1524 ab
629 1499 704 1524 uno
731 1484 899 1536 principe
918 1483 1129 1534 gubernari,
1149 1497 1197 1521 an
1216 1496 1302 1521 vero
1331 1483 1515 1520 conducat

133 1554 256 1605 magis
275 1552 342 1591 effe
360 1553 427 1590 sub
447 1551 673 1603 optimarum
703 1549 830 1600 legum
859 1548 1027 1599 imperio,
1083 1547 1130 1586 Et
1150 1549 1196 1586 de
1214 1549 1284 1586 hac
1301 1548 1407 1586 docte
1426 1560 1514 1599 gra-

132 1621 300 1671 viterque
317 1618 481 1670 disputat
508 1618 547 1655 in
576 1623 774 1666 utramque
803 1623 961 1667 partem,
985 1628 1085 1653 nunc
1103 1628 1171 1666 pro
1190 1615 1306 1665 Rege,
1325 1627 1428 1652 nunc
1446 1626 1516 1664 pro

134 1685 227 1736 lege.
282 1684 351 1721 Pro
369 1684 473 1734 Rege
494 1682 661 1732 quidem,
680 1681 769 1732 quia
788 1680 848 1718 lex
866 1680 995 1718 omnia
1014 1693 1090 1717 non
1113 1678 1407 1730 comprehendit,
1426 1691 1513 1716 cum
1525 1690 1648 1730 Regem
1663 1688 1728 1729 legi

135 1749 332 1787 universim
365 1748 549 1791 decernat,
582 1759 648 1784 nec
681 1759 723 1783 ea
750 1758 835 1796 quae
862 1745 1039 1782 eveniunt
1066 1745 1169 1795 poffit
1195 1746 1365 1796 dirigere.
1420 1744 1514 1795 Legi
1525 1734 1692 1775 Pffife‘ffl·

140 1813 260 1864 igitur
286 1813 370 1850 Rex
395 1812 446 1849 est
476 1810 739 1862 praeserendus,
759 1810 824 1860 qui
856 1809 982 1860 legum
1010 1808 1195 1847 defectum
1224 1808 1405 1860 sapienter
1428 1778 1617 1860 sup-dum·

142 1879 253 1929 pleat.
308 1877 394 1914 Hoc
423 1876 504 1914 loco
532 1876 670 1926 infigne
698 1875 811 1913 tradit
837 1874 1120 1919 documentum,
1139 1875 1178 1912 in
1208 1875 1340 1926 quavis
1368 1880 1446 1912 arte
1472 1887 1519 1912 ex

139 1942 277 1994 scripto
308 1941 368 1978 seu
400 1941 491 1991 lege,
523 1941 702 1992 imperare
734 1940 903 1985 stultum,
938 1938 1076 1981 ἦλίθιοι.
1131 1940 1179 1977 In
1211 1940 1385 1991 AEgypto
1411 1940 1521 1978 licere

140 2007 301 2046 Medicis
328 2006 407 2057 post
432 2006 531 2043 diem
561 2012 737 2056 quartum
760 2018 903 2042 movere
919 2020 930 2050 ;
961 2005 1058 2055 quod
1079 2006 1103 2042 si
1123 2012 1208 2043 ante
1230 2005 1403 2043 exaaum
1425 2019 1520 2056 qua-

143 2072 310 2111 triduum
332 2078 523 2115 moveant,
545 2070 607 2108 suo
626 2069 789 2120 periculo
810 2082 968 2107 movere.
1027 2070 1104 2108 Ubi
1130 2071 1337 2108 notandum
1366 2072 1520 2109 verbum

143 2141 240 2176 κιιιῖι
259 2137 416 2175 Medicis
435 2137 626 2180 usitatum,
646 2136 809 2172 maxime
829 2148 894 2186 pro
913 2147 956 2171 eo
975 2135 1076 2185 quod
1093 2134 1143 2172 est
1163 2148 1326 2186 purgans
1345 2137 1521 2186 pharma-
1533 2139 1717 2172 Observati-

145 2216 230 2240 cum
251 2203 299 2242 ad
318 2202 448 2241 noxios
467 2202 640 2239 humores
658 2200 904 2251 expellendos»,
922 2200 1103 2238 exhibere.
1158 2200 1218 2238 Sic
1237 2202 1387 2239 divinus
1408 2202 1525 2240 Senex
1536 2184 1676 2217 medica.

145 2268 410 2322 HippocrateS‚
427 2267 518 2304 dum
538 2267 582 2303 de
601 2265 822 2316 purgatione
836 2265 1014 2308 decernit,
1031 2267 1182 2303 verbum
1198 2271 1293 2305 ιιιεῒι
1315 2266 1401 2304 solet
1421 2266 1524 2304 usur·

146 2346 246 2384 pare,
265 2333 314 2371 τὰ
346 2333 526 2384 κρινόμενα,
547 2330 605 2371 καὶ
636 2330 685 2369 τὰ
712 2333 886 2382 ›zeugis-cim
911 2331 1029 2381 ἀρτίως
1054 2329 1103 2380 μὶ
1132 2335 1254 2376 κινέειν,
1275 2330 1358 2380 μηδὲ
1379 2348 1525 2384 trungo-

148 2400 283 2442 ποιίιιι,
304 2396 389 2446 paim
415 2397 649 2448 φαςμακίῃσι,
671 2394 756 2445 μήτε
777 2394 930 2431 ἄλλοισιν
952 2393 1185 2445 ἔρεθισμοῖσιι,
1207 2393 1288 2433 ἀλλ’
1308 2395 1375 2447 ὲᾷν.
1437 2397 1527 2447 Quae
1536 2398 1658 2439 Apbor-
1677 2409 1728 2434 ιο.

122 2459 127 2469 “
136 2461 345 2512 judicantur
358 2461 517 2512 perfide,
538 2469 570 2498 et
588 2474 666 2512 quae
684 2459 842 2510 exquistte
858 2471 901 2495 ac
913 2457 1123 2509 sufficienter
1138 2461 1225 2510 sunt
1240 2460 1418 2508 judicata,
1435 2462 1528 2500 nullo
1536 2441 1619 2474 sea·
1637 2452 1667 2475 ¹⁶

148 2526 242 2565 modo
270 2525 448 2570 movenda,
476 2539 579 2576 neque
607 2524 783 2567 novanda,
801 2536 905 2575 neque
935 2524 1181 2564 medicamentis
1203 2526 1448 2578 purgantibus,
1469 2541 1528 2566 nc-

150 2605 213 2644 que
230 2591 308 2629 aliis
334 2590 565 2633 irritamentis,
581 2590 648 2643 fid
658 2589 817 2640 fluenda.
879 2591 926 2628 Et
954 2591 1028 2628 alio
1050 2591 1129 2629 loco
1153 2594 1283 2632 πέπονα
1300 2594 1528 2645 φαρμακεύειν
1537 2600 1662 2639 Aphor.
1679 2610 1734 2634 22.

84 2681 118 2725 ⁸
152 2656 212 2700 καὶ
241 2660 364 2702 norim,
392 2655 440 2706 μ’),
468 2655 560 2706 ὠμὰ,
579 2654 660 2703 μηδὲ
689 2660 719 2694 ἐν
750 2657 895 2710 ἀρχῇσι,
914 2656 948 2697 ἢν
963 2655 1011 2706 1⁴3¹
1029 2657 1127 2710 ὄςγᾷ.
1169 2656 1228 2695 To?
1247 2656 1280 2695 δῖ
1299 2662 1454 2697 πλεῖστα
1471 2662 1529 2699 οὐκ
1539 2642 1621 2675 sea'
1640 2652 1670 2678 ι’
1729 2642 1731 2645 -

153 2719 254 2774 ὄξγᾷ.
312 2720 474 2759 Οοησοᾶα
493 2720 652 2758 medicari
670 2729 703 2758 et
721 2734 866 2764 movere,
885 2735 949 2759 non
966 2720 1074 2758 cruda
1087 2737 1100 2758 .·
1130 2734 1188 2758 nec
1213 2722 1250 2759 in
1269 2722 1446 2774 principiis
1463 2738 1529 2762 un-

154 2798 270 2836 quam,
290 2786 352 2837 ⁷²?st
369 2794 531 2836 turgeant
550 2785 699 2823 humores
712 2801 725 2822 .·
754 2795 793 2823 ut
808 2786 994 2837 plurimum
1024 2795 1137 2824 autem
1165 2799 1230 2824 non
1256 2795 1406 2838 turgent.
1460 2789 1531 2827 Pro

153 2850 234 2902 lege
252 2863 337 2889 vero
365 2852 421 2890 fic'
436 2850 600 2905 disputat
619 2851 847 2898 Aristoteles,
877 2852 955 2891 Lex
983 2865 1057 2891 non
1084 2852 1134 2891 est
1161 2853 1319 2892 obnoxia
1338 2856 1529 2905 perturba-
