1846 3250
198 1450 254 1482 Vir
266 1452 357 1482 uxori
371 1463 381 1491 ;

201 1502 288 1533 pater
301 1494 380 1525 libe-

199 1538 240 1567 ris
256 1538 356 1577 impe-

198 1586 256 1609 rat.

194 2413 295 2445 Pelvis
310 2412 352 2443 A·

195 2455 302 2487 mans.

421 185 486 231 xvi
664 230 667 233 ,
709 214 712 216 -
774 186 1046 228 -sYNOPSIS
1071 189 1397 232 AN-ALYTICA

420 291 489 336 vit,
508 292 558 330 Zur·
587 292 694 345 ξᾴδὶὄν
723 296 796 333 ἔστι
824 302 977 335 πλουτεῖν
1003 301 1074 340 τοῖς
1098 300 1290 346 φιλοσόφοις
1318 299 1359 337 ἂν
1385 299 1580 344 Βούλωνται,
1593 299 1707 349 facile
1722 299 1783 352 effi

421 354 632 406 Pbilcfivpbis,
648 356 797 407 ditfsstere
813 372 888 395 cum
906 359 1084 398 voluerint.
1141 361 1198 397 Ex
1225 374 1300 409 quo
1319 361 1459 411 colligit
1477 366 1692 410 μονοπωλίαν,
1711 365 1784 403 five.

421 418 639 468 singularem
667 427 781 458 certas
810 435 944 460 merces
975 424 1154 461 vendendi
1182 423 1406 468 facultatem,
1424 425 1490 462 effe
1514 439 1628 463 unum
1647 441 1665 463 e
1685 441 1779 476 prae-

418 482 533 532 ceptis
553 483 854 529 Chrematisticis,
873 499 947 535 quo
966 493 1155 536 propterea
1181 487 1347 524 civitates
1375 489 1544 539 quaedam
1562 498 1714 527 utantur
1733 490 1780 527 ad

419 548 623 595 parandam
656 550 864 598 pecuniam.
920 550 1149 600 Quanquam
1182 550 1285 588 aiunt
1318 550 1391 588 sola
1418 552 1566 600 publica
1592 553 1780 600 μονοπώλιω

420 610 573 658 (dicitur
590 612 689 648 enim
708 613 820 649 etiam
840 613 878 651 τὲ
896 614 1101 663 μονοπώλιον,
1119 614 1204 651 teste
1232 614 1377 651 Polluce
1405 615 1467 652 lib.
1490 615 1554 652 vii.
1574 629 1655 666 cap.
1676 630 1710 654 2.
1732 631 1778 654 ex

417 674 624 724 Hyperide)
639 674 736 724 justa
752 676 843 722 effe;
873 677 1017 726 privata
1034 684 1158 714 autem
1182 676 1316 727 injusta
1332 685 1369 716 et
1386 679 1513 716 vetita.
1571 681 1660 718 Qua
1677 682 1722 718 de
1740 695 1777 718 re

415 744 519 775 extat
535 739 594 775 tit.
615 739 659 776 C.
678 740 723 776 de
741 740 984 790 Monopoliis.

888 845 951 883 Ad
970 846 1054 898 Cap.
1072 846 1310 885 duodecimum.

467 931 505 968 A
523 930 686 968 societate
705 931 809 968 herili
827 931 896 968 five
913 933 1095 982 despotico
1114 934 1284 983 imperio,
1303 936 1427 972 transit
1444 937 1489 973 ad
1509 942 1717 986 paternum,
1738 943 1776 975 et

414 994 605 1044 conjugale
631 996 700 1032 five
727 996 930 1045 gamicum.
985 997 1174 1047 Docetque
1202 999 1324 1048 prImo
1353 999 1475 1036 virum
1501 1001 1539 1038 in
1567 1014 1716 1038 uxorem
1736 1009 1774 1039 et

414 1058 508 1095 filios
527 1060 724 1109 imperium
755 1061 896 1102 habere,
922 1066 964 1097 ut
995 1062 1033 1097 in
1062 1061 1228 1111 personas
1256 1062 1398 1106 liberas,
1417 1063 1475 1100 sed
1494 1064 1669 1114 imperare
1690 1066 1775 1115 qui-

412 1122 496 1158 dem
526 1123 645 1166 uxori,
678 1122 849 1166 civiliter,
882 1128 1082 1169 πολιτικῶς;
1113 1124 1235 1160 liberis
1266 1131 1410 1176 autem,
1437 1126 1544 1175 regie,
1576 1129 1777 1171 βασιλικῶς..

412 1184 554 1222 Debere
574 1199 657 1223 vero
675 1186 780 1222 uxori
801 1186 919 1222 virum
941 1187 1118 1236 imperare
1136 1188 1279 1237 probat,
1298 1189 1387 1237 quia
1408 1188 1509 1226 mari
1528 1196 1571 1226 ut
1597 1192 1771 1240 praestan-

412 1248 498 1284 tiori
517 1250 667 1286 debetur
691 1257 830 1287 naturae
850 1250 928 1299 lege
949 1251 1148 1300 imperium
1166 1267 1176 1287 ε
1207 1252 1305 1301 quod
1326 1252 1350 1288 fi
1370 1253 1592 1290 contrarium
1621 1255 1775 1305 accidat,

413 1318 544 1361 praeter
571 1320 741 1350 naturam
770 1312 866 1364 παραὶ
894 1315 1007 1363 φύσιν,
1026 1314 1104 1351 effe.
1159 1315 1310 1352 Accidit
1338 1321 1460 1354 tamen
1485 1315 1679 1354 foeminam
1701 1318 1772 1355 im·-

413 1389 552 1425 perare,
571 1390 655 1414 cum
675 1377 724 1414 est
752 1378 884 1414 marito
906 1379 1130 1428 prudentior,
1148 1386 1184 1415 et
1202 1378 1345 1417 fortior.
1400 1380 1468 1417 Sed
1488 1379 1596 1418 fortes
1615 1382 1778 1433 pruden-3

413 1441 535 1491 tesque
563 1442 729 1480 soeminae
756 1442 973 1492 pauciffimae
1003 1443 1115 1488 sunt;
1145 1443 1271 1493 quales
1299 1450 1494 1481 narrantur
1511 1445 1680 1494 juditha,
1699 1446 1772 1484 Ze-

413 1506 533 1548 nobia,
567 1507 792 1552 Semiramis,
823 1508 1052 1557 Anetaphila,
1087 1508 1271 1552 Lucretia,
1306 1509 1525 1545 Amazones.
1581 1510 1662 1546 Pari
1689 1508 1775 1559 jure

411 1570 534 1607 liberis
562 1567 686 1608 debere
713 1578 854 1621 patrem
883 1572 1061 1621 imperare
1079 1571 1298 1608 demonstrat
1312 1587 1323 1618 3
1353 1572 1442 1621 quia
1471 1572 1601 1609 seniori
1628 1579 1663 1609 et
1690 1587 1774 1623 per-⁹

411 1633 554 1671 feffiori
581 1636 731 1672 debetur
766 1635 974 1685 imperium.
1029 1635 1130 1672 Tum
1160 1635 1319 1685 explicat
1354 1637 1538 1685 quomodo
1573 1636 1772 1686 imperium

411 1698 536 1735 mariti
562 1698 599 1735 in
633 1712 785 1736 uxorem
814 1700 856 1736 fit
883 1699 983 1736 civili
1003 1698 1130 1735 simile.
1187 1699 1288 1735 Licet
1320 1699 1419 1736 enim
1449 1699 1487 1736 in
1518 1713 1562 1738 eo
1585 1699 1769 1746 differant,

411 1762 508 1812 quod
528 1762 634 1799 civile
661 1762 865 1813 imperandi
886 1769 922 1799 et
942 1761 1091 1812 parendi
1119 1762 1396 1799 viciffitudinem
1424 1763 1620 1812 importet;
1651 1764 1704 1802 ita
1729 1771 1774 1813 ¹¹²².

411 1827 477 1875 qui
505 1839 603 1863 nunc
633 1833 749 1876 paret,
769 1826 869 1876 poffit
899 1827 1101 1875 imperare3
1131 1833 1166 1862 et
1187 1833 1338 1863 contra:
1370 1828 1437 1863 hoc
1465 1832 1587 1863 autem
1617 1827 1776 1877 imperio,

410 1890 483 1927 viri
501 1890 541 1927 in.
557 1904 707 1928 uxorem
730 1891 852 1928 minus
871 1890 1078 1934 conveniat,
1102 1903 1186 1927 cum
1207 1897 1338 1926 natura
1357 1890 1414 1926 vir
1430 1890 1569 1939 semper
1588 1892 1741 1940 imperet
1756 1907 1768 1931 ε

411 1954 448 1991 in
478 1968 520 1991 eo
547 1961 671 1992 tamen
698 1953 940 1996 consentiunt,
961 1954 1059 2003 quod
1085 1960 1127 1990 ut
1156 1954 1193 1990 in
1221 1953 1336 1996 civili,
1356 1954 1585 2003 magistratus
1612 1954 1730 1992 differt
1750 1968 1775 1992 a

410 2019 555 2069 privato
573 2023 639 2061 τοῖς
665 2018 841 2068 σχῆμασι,
861 2018 919 2055 καὶ
938 2021 1062 2064 λόγοις,
1082 2017 1139 2055 καὶ
1162 2022 1294 2066 τιμαῖς,
1313 2017 1442 2054 Vestitu
1463 2018 1531 2054 five
1548 2026 1680 2055 ornatu
1707 2025 1773 2056 aut

410 2084 526 2128 cultu,
547 2090 589 2121 ut
616 2084 749 2121 Romae
776 2089 861 2132 toga
886 2089 1082 2132 praetexta5
1113 2088 1147 2118 et
1180 2081 1415 2126 sermonibus,
1434 2095 1519 2118 cum
1548 2082 1663 2119 sermo
1690 2096 1769 2120 ma-

410 2148 592 2198 gistratus,
606 2148 751 2197 gravior
766 2154 803 2184 et
818 2147 968 2183 severior
987 2147 1027 2183 fit
1043 2162 1052 2189 ;
1082 2146 1218 2196 privati
1234 2146 1400 2183 blandior
1418 2153 1453 2182 et
1472 2146 1687 2185 summissior
1698 2163 1709 2193 ;
1732 2155 1773 2185 et.

409 2212 556 2248 honoris
577 2211 791 2261 insignibus,
811 2218 854 2247 ut
873 2210 1043 2254 fascibus,
1064 2210 1265 2252 licioribuffi
1284 2218 1319 2246 et
1337 2210 1417 2246 aliis
1435 2208 1635 2259 cjusmodi;
1666 2212 1711 2248 fic
1731 2211 1770 2248 in

409 2277 555 2326 gamico
570 2277 662 2313 alius
681 2277 722 2312 fit
743 2275 867 2312 mariti
886 2282 1047 2318 ornatus,
1068 2275 1139 2311 alia
1158 2274 1286 2316 oratio,
1307 2274 1377 2311 alia
1395 2273 1629 2318 observantia,
1649 2282 1684 2312 et
1704 2277 1769 2325 ho?

408 2354 492 2387 {¹085
515 2341 606 2378 alius
623 2353 705 2377 vero
722 2340 905 2385 foeminae3
927 2339 1010 2376 licet
1030 2339 1166 2389 alioqui
1187 2339 1255 2375 fint
1268 2338 1382 2374 veluti
1403 2351 1519 2387 pares,
1537 2345 1574 2376 et
1590 2340 1770 2377 concives.

409 2406 486 2442 Hic
503 2405 626 2454 tangit
645 2403 852 2441 Aristoteles
873 2404 930 2440 sed
948 2402 1158 2446 breviffirne,
1178 2401 1362 2438 historiam
1383 2402 1508 2451 pelvis,
1527 2403 1596 2439 five
1615 2404 1703 2440 vafis
1722 2404 1773 2448 ad

409 2469 582 2506 lavandos
602 2469 707 2517 pedes
725 2467 941 2516 comparati,
960 2467 1057 2516 quod
1075 2479 1160 2502 cum
1180 2466 1324 2502 Amafis
1344 2465 1614 2515 AEgyptiorum
1638 2479 1699 2502 rex
1729 2467 1767 2503 in

409 2532 559 2568 editiore
586 2531 664 2568 loco
681 2530 849 2566 collocari
870 2528 1028 2579 juffiffet,
1047 2529 1237 2566 adoratum
1257 2528 1306 2565 est
1327 2528 1446 2565 statim
1467 2541 1488 2565 a
1507 2528 1660 2572 civibus,
1683 2529 1770 2567 licet

407 2602 515 2631 antea
543 2594 691 2630 sordidis
719 2594 835 2629 usibus
866 2592 1073 2630 inseruiffet.
1130 2592 1219 2628 Qua
1246 2593 1290 2628 de
1314 2604 1350 2628 re
1370 2591 1542 2640 legendus
1561 2592 1769 2630 Herodotus

407 2659 470 2695 lib.
492 2658 530 2695 ii.
552 2658 590 2694 in
610 2659 780 2707 Euterpe.
836 2657 914 2694 Effe
932 2669 1015 2693 vero
1043 2655 1240 2705 imperium
1275 2655 1314 2691 in
1341 2653 1435 2691 filios
1464 2656 1603 2704 regium
1625 2639 1769 2705 probat,

407 2722 495 2770 quia
523 2721 699 2771 imperare
730 2735 774 2757 ex
802 2720 965 2757 amicitia
991 2726 1026 2756 et
1055 2719 1293 2769 antiquitate,
1310 2717 1404 2756 κατοὲ
1431 2721 1561 2767 φιλίαν,
1582 2719 1642 2757 καὶ
1671 2718 1766 2757 κατ-σέ

405 2785 598 2833 ψρεσβείαν,
624 2784 674 2820 est
704 2783 794 2835 regii
824 2783 969 2834 imperii
995 2782 1126 2833 species
1151 2782 1288 2837 aliqua.
1311 2832 1313 2835 .
1342 2782 1446 2837 Hinc
1465 2782 1564 2819 enim
1583 2783 1771 2835 Homeruff
