<?xml version="1.0" encoding="UTF-8"?>
<!DOCTYPE html PUBLIC "-//W3C//DTD XHTML 1.0 Transitional//EN"
    "http://www.w3.org/TR/xhtml1/DTD/xhtml1-transitional.dtd">
<html xmlns="http://www.w3.org/1999/xhtml" xml:lang="en" lang="en">
 <head>
  <title>
</title>
<meta http-equiv="Content-Type" content="text/html;charset=utf-8" />
  <meta name='ocr-system' content='tesseract 3.04.00' />
  <meta name='ocr-capabilities' content='ocr_page ocr_carea ocr_par ocr_line ocrx_word'/>
</head>
<body>
  <div class='ocr_page' id='page_1' title='image "./politicagreeklat01arisuoft_0096.png"; bbox 0 0 1904 3308; ppageno 0'>
   <div class='ocr_carea' id='block_1_1' title="bbox 258 1410 409 1443">
    <p class='ocr_par' dir='ltr' id='par_1_1' title="bbox 258 1410 409 1443">
     <span class='ocr_line' id='line_1_1' title="bbox 258 1410 409 1443; baseline 0.013 -2"><span class='ocrx_word' id='word_1_1' title='bbox 258 1410 409 1443; x_wconf 71' lang='lat' dir='ltr'>contem-</span> 
     </span>
    </p>
   </div>
   <div class='ocr_carea' id='block_1_2' title="bbox 258 1454 462 1493">
    <p class='ocr_par' dir='ltr' id='par_1_2' title="bbox 258 1454 462 1493">
     <span class='ocr_line' id='line_1_2' title="bbox 258 1454 462 1493; baseline 0.025 -10"><span class='ocrx_word' id='word_1_2' title='bbox 258 1454 413 1493; x_wconf 83' lang='lat' dir='ltr'>plationes</span> <span class='ocrx_word' id='word_1_3' title='bbox 431 1463 462 1488; x_wconf 84' lang='lat' dir='ltr'>et</span> 
     </span>
    </p>
   </div>
   <div class='ocr_carea' id='block_1_3' title="bbox 494 159 1466 212">
    <p class='ocr_par' dir='ltr' id='par_1_3' title="bbox 494 159 1466 212">
     <span class='ocr_line' id='line_1_3' title="bbox 494 159 1466 212; baseline 0.016 -15"><span class='ocrx_word' id='word_1_4' title='bbox 494 159 612 200; x_wconf 83' lang='lat' dir='ltr'>lxxxii</span> <span class='ocrx_word' id='word_1_5' title='bbox 878 168 1121 210; x_wconf 89' lang='lat' dir='ltr'>SYNOPSIS</span> <span class='ocrx_word' id='word_1_6' title='bbox 1147 170 1466 212; x_wconf 80' lang='lat' dir='ltr'><strong>ANALYTICA</strong></span> 
     </span>
    </p>
   </div>
   <div class='ocr_carea' id='block_1_4' title="bbox 470 272 1846 1472">
    <p class='ocr_par' dir='ltr' id='par_1_4' title="bbox 470 272 1846 1472">
     <span class='ocr_line' id='line_1_4' title="bbox 492 272 1835 331; baseline 0.008 -25"><span class='ocrx_word' id='word_1_7' title='bbox 492 282 576 307; x_wconf 86' lang='lat' dir='ltr'>rum</span> <span class='ocrx_word' id='word_1_8' title='bbox 595 272 779 312; x_wconf 87' lang='lat' dir='ltr'>rationum</span> <span class='ocrx_word' id='word_1_9' title='bbox 805 277 937 314; x_wconf 76' lang='lat' dir='ltr'>arbiter</span> <span class='ocrx_word' id='word_1_10' title='bbox 955 285 991 315; x_wconf 91' lang='lat' dir='ltr'>et</span> <span class='ocrx_word' id='word_1_11' title='bbox 1009 278 1223 329; x_wconf 85' lang='lat' dir='ltr'>disceptator</span> <span class='ocrx_word' id='word_1_12' title='bbox 1241 281 1461 331; x_wconf 78' lang='lat' dir='ltr'>Aristoteles,</span> <span class='ocrx_word' id='word_1_13' title='bbox 1479 281 1531 320; x_wconf 88' lang='lat' dir='ltr'>ait</span> <span class='ocrx_word' id='word_1_14' title='bbox 1547 287 1583 319; x_wconf 83' lang='lat' dir='ltr'>et</span> <span class='ocrx_word' id='word_1_15' title='bbox 1601 279 1835 330; x_wconf 76' lang='lat' dir='ltr'>Philosophus</span> 
     </span>
     <span class='ocr_line' id='line_1_5' title="bbox 489 334 1834 393; baseline 0.007 -23"><span class='ocrx_word' id='word_1_16' title='bbox 489 339 527 370; x_wconf 85' lang='lat' dir='ltr'>et</span> <span class='ocrx_word' id='word_1_17' title='bbox 556 334 723 374; x_wconf 82' lang='lat' dir='ltr'>Politicos</span> <span class='ocrx_word' id='word_1_18' title='bbox 746 340 881 388; x_wconf 88' lang='lat' dir='ltr'>partim</span> <span class='ocrx_word' id='word_1_19' title='bbox 911 340 1004 378; x_wconf 73' lang='lat' dir='ltr'>recte</span> <span class='ocrx_word' id='word_1_20' title='bbox 1029 342 1158 386; x_wconf 82' lang='lat' dir='ltr'>dicere,</span> <span class='ocrx_word' id='word_1_21' title='bbox 1177 343 1312 392; x_wconf 88' lang='lat' dir='ltr'>partim</span> <span class='ocrx_word' id='word_1_22' title='bbox 1339 357 1412 382; x_wconf 89' lang='lat' dir='ltr'>non</span> <span class='ocrx_word' id='word_1_23' title='bbox 1441 345 1547 383; x_wconf 72' lang='lat' dir='ltr'>reete.</span> <span class='ocrx_word' id='word_1_24' title='bbox 1600 344 1834 393; x_wconf 85' lang='lat' dir='ltr'>Philosophos</span> 
     </span>
     <span class='ocr_line' id='line_1_6' title="bbox 490 398 1832 455; baseline 0.007 -21"><span class='ocrx_word' id='word_1_25' title='bbox 490 398 638 446; x_wconf 81' lang='lat' dir='ltr'>quidem</span> <span class='ocrx_word' id='word_1_26' title='bbox 670 400 708 438; x_wconf 89' lang='lat' dir='ltr'>in</span> <span class='ocrx_word' id='word_1_27' title='bbox 737 415 780 440; x_wconf 88' lang='lat' dir='ltr'>eo</span> <span class='ocrx_word' id='word_1_28' title='bbox 807 404 900 441; x_wconf 67' lang='lat' dir='ltr'>reete</span> <span class='ocrx_word' id='word_1_29' title='bbox 926 404 1067 449; x_wconf 84' lang='lat' dir='ltr'>sentire,</span> <span class='ocrx_word' id='word_1_30' title='bbox 1094 407 1192 455; x_wconf 88' lang='lat' dir='ltr'>quod</span> <span class='ocrx_word' id='word_1_31' title='bbox 1219 407 1343 444; x_wconf 83' lang='lat' dir='ltr'>dicant</span> <span class='ocrx_word' id='word_1_32' title='bbox 1370 407 1485 445; x_wconf 84' lang='lat' dir='ltr'>vitam</span> <span class='ocrx_word' id='word_1_33' title='bbox 1512 408 1618 446; x_wconf 89' lang='lat' dir='ltr'>liberi</span> <span class='ocrx_word' id='word_1_34' title='bbox 1645 407 1832 445; x_wconf 85' lang='lat' dir='ltr'>meliorem</span> 
     </span>
     <span class='ocr_line' id='line_1_7' title="bbox 487 460 1829 519; baseline 0.007 -21"><span class='ocrx_word' id='word_1_35' title='bbox 487 460 553 498; x_wconf 72' lang='lat' dir='ltr'>este</span> <span class='ocrx_word' id='word_1_36' title='bbox 574 461 690 502; x_wconf 79' lang='lat' dir='ltr'>servili</span> <span class='ocrx_word' id='word_1_37' title='bbox 709 481 718 502; x_wconf 74' lang='grc' dir='ltr'>ς</span> <span class='ocrx_word' id='word_1_38' title='bbox 748 466 786 502; x_wconf 89' lang='lat' dir='ltr'>in</span> <span class='ocrx_word' id='word_1_39' title='bbox 804 480 846 503; x_wconf 92' lang='lat' dir='ltr'>eo</span> <span class='ocrx_word' id='word_1_40' title='bbox 865 472 986 503; x_wconf 89' lang='lat' dir='ltr'>autem</span> <span class='ocrx_word' id='word_1_41' title='bbox 1006 481 1079 505; x_wconf 89' lang='lat' dir='ltr'>non</span> <span class='ocrx_word' id='word_1_42' title='bbox 1099 469 1205 513; x_wconf 70' lang='lat' dir='ltr'>reEte,</span> <span class='ocrx_word' id='word_1_43' title='bbox 1227 471 1324 518; x_wconf 90' lang='lat' dir='ltr'>quod</span> <span class='ocrx_word' id='word_1_44' title='bbox 1343 476 1473 519; x_wconf 87' lang='lat' dir='ltr'>putent</span> <span class='ocrx_word' id='word_1_45' title='bbox 1489 484 1635 509; x_wconf 89' lang='lat' dir='ltr'>omnem</span> <span class='ocrx_word' id='word_1_46' title='bbox 1661 471 1829 508; x_wconf 88' lang='lat' dir='ltr'>domina-</span> 
     </span>
     <span class='ocr_line' id='line_1_8' title="bbox 486 527 1830 580; baseline 0.007 -19"><span class='ocrx_word' id='word_1_47' title='bbox 486 530 568 562; x_wconf 85' lang='lat' dir='ltr'>tum</span> <span class='ocrx_word' id='word_1_48' title='bbox 601 532 637 563; x_wconf 89' lang='lat' dir='ltr'>et</span> <span class='ocrx_word' id='word_1_49' title='bbox 664 527 860 577; x_wconf 87' lang='lat' dir='ltr'>imperium</span> <span class='ocrx_word' id='word_1_50' title='bbox 889 529 954 566; x_wconf 81' lang='lat' dir='ltr'>effe</span> <span class='ocrx_word' id='word_1_51' title='bbox 976 529 1199 580; x_wconf 87' lang='lat' dir='ltr'>despoticum</span> <span class='ocrx_word' id='word_1_52' title='bbox 1227 533 1295 569; x_wconf 85' lang='lat' dir='ltr'>five</span> <span class='ocrx_word' id='word_1_53' title='bbox 1322 531 1468 571; x_wconf 87' lang='lat' dir='ltr'>servile:</span> <span class='ocrx_word' id='word_1_54' title='bbox 1499 533 1617 572; x_wconf 91' lang='lat' dir='ltr'>Civile</span> <span class='ocrx_word' id='word_1_55' title='bbox 1642 534 1740 571; x_wconf 88' lang='lat' dir='ltr'>enim</span> <span class='ocrx_word' id='word_1_56' title='bbox 1760 535 1830 572; x_wconf 82' lang='lat' dir='ltr'>five</span> 
     </span>
     <span class='ocr_line' id='line_1_9' title="bbox 486 587 1830 647; baseline 0.009 -23"><span class='ocrx_word' id='word_1_57' title='bbox 486 587 680 627; x_wconf 89' lang='lat' dir='ltr'>Politicum</span> <span class='ocrx_word' id='word_1_58' title='bbox 711 604 753 628; x_wconf 92' lang='lat' dir='ltr'>eo</span> <span class='ocrx_word' id='word_1_59' title='bbox 784 592 903 628; x_wconf 85' lang='lat' dir='ltr'>differt</span> <span class='ocrx_word' id='word_1_60' title='bbox 930 605 952 629; x_wconf 90' lang='lat' dir='ltr'>a</span> <span class='ocrx_word' id='word_1_61' title='bbox 979 592 1107 637; x_wconf 89' lang='lat' dir='ltr'>servili,</span> <span class='ocrx_word' id='word_1_62' title='bbox 1138 595 1235 643; x_wconf 87' lang='lat' dir='ltr'>quod</span> <span class='ocrx_word' id='word_1_63' title='bbox 1262 595 1306 632; x_wconf 82' lang='lat' dir='ltr'>fit</span> <span class='ocrx_word' id='word_1_64' title='bbox 1332 596 1369 632; x_wconf 88' lang='lat' dir='ltr'>in</span> <span class='ocrx_word' id='word_1_65' title='bbox 1397 595 1538 635; x_wconf 83' lang='lat' dir='ltr'>liberos.</span> <span class='ocrx_word' id='word_1_66' title='bbox 1592 597 1701 642; x_wconf 83' lang='lat' dir='ltr'>Item,</span> <span class='ocrx_word' id='word_1_67' title='bbox 1732 598 1830 647; x_wconf 90' lang='lat' dir='ltr'>quod</span> 
     </span>
     <span class='ocr_line' id='line_1_10' title="bbox 484 652 1832 712; baseline 0.009 -24"><span class='ocrx_word' id='word_1_68' title='bbox 484 652 609 690; x_wconf 83' lang='lat' dir='ltr'>dicant</span> <span class='ocrx_word' id='word_1_69' title='bbox 637 654 675 691; x_wconf 81' lang='grc' dir='ltr'>τὸ</span> <span class='ocrx_word' id='word_1_70' title='bbox 704 657 899 705; x_wconf 77' lang='grc' dir='ltr'>ἀπρακτεῖν,</span> <span class='ocrx_word' id='word_1_71' title='bbox 926 656 1046 701; x_wconf 88' lang='lat' dir='ltr'>otiari,</span> <span class='ocrx_word' id='word_1_72' title='bbox 1074 657 1167 694; x_wconf 80' lang='lat' dir='ltr'>nihil</span> <span class='ocrx_word' id='word_1_73' title='bbox 1197 670 1312 707; x_wconf 85' lang='lat' dir='ltr'>agere,</span> <span class='ocrx_word' id='word_1_74' title='bbox 1340 660 1469 697; x_wconf 88' lang='lat' dir='ltr'>melius</span> <span class='ocrx_word' id='word_1_75' title='bbox 1488 660 1552 698; x_wconf 82' lang='lat' dir='ltr'>effe</span> <span class='ocrx_word' id='word_1_76' title='bbox 1579 665 1637 698; x_wconf 71' lang='grc' dir='ltr'>τοῦ</span> <span class='ocrx_word' id='word_1_77' title='bbox 1657 661 1832 712; x_wconf 71' lang='grc' dir='ltr'>πςάττιη.</span> 
     </span>
     <span class='ocr_line' id='line_1_11' title="bbox 485 715 1828 763; baseline 0.008 -12"><span class='ocrx_word' id='word_1_78' title='bbox 485 715 569 752; x_wconf 90' lang='lat' dir='ltr'>Hoc</span> <span class='ocrx_word' id='word_1_79' title='bbox 599 716 698 752; x_wconf 87' lang='lat' dir='ltr'>enim</span> <span class='ocrx_word' id='word_1_80' title='bbox 732 716 860 754; x_wconf 86' lang='lat' dir='ltr'>falsum</span> <span class='ocrx_word' id='word_1_81' title='bbox 895 719 958 763; x_wconf 89' lang='lat' dir='ltr'>est,</span> <span class='ocrx_word' id='word_1_82' title='bbox 989 732 1073 756; x_wconf 89' lang='lat' dir='ltr'>cum</span> <span class='ocrx_word' id='word_1_83' title='bbox 1106 721 1291 759; x_wconf 85' lang='lat' dir='ltr'>beatitudo</span> <span class='ocrx_word' id='word_1_84' title='bbox 1324 722 1360 759; x_wconf 85' lang='lat' dir='ltr'>in</span> <span class='ocrx_word' id='word_1_85' title='bbox 1391 723 1532 761; x_wconf 50' lang='lat' dir='ltr'>aciione</span> <span class='ocrx_word' id='word_1_86' title='bbox 1567 723 1752 762; x_wconf 69' lang='lat' dir='ltr'>consistat:</span> <span class='ocrx_word' id='word_1_87' title='bbox 1791 731 1828 762; x_wconf 84' lang='lat' dir='ltr'>et</span> 
     </span>
     <span class='ocr_line' id='line_1_12' title="bbox 481 779 1828 837; baseline 0.007 -21"><span class='ocrx_word' id='word_1_88' title='bbox 481 779 639 818; x_wconf 67' lang='lat' dir='ltr'>afflones</span> <span class='ocrx_word' id='word_1_89' title='bbox 667 781 825 818; x_wconf 83' lang='lat' dir='ltr'>virorum</span> <span class='ocrx_word' id='word_1_90' title='bbox 851 780 1028 830; x_wconf 86' lang='lat' dir='ltr'>justorum</span> <span class='ocrx_word' id='word_1_91' title='bbox 1055 790 1091 821; x_wconf 88' lang='lat' dir='ltr'>et</span> <span class='ocrx_word' id='word_1_92' title='bbox 1117 786 1398 834; x_wconf 85' lang='lat' dir='ltr'>temperantium</span> <span class='ocrx_word' id='word_1_93' title='bbox 1430 800 1582 837; x_wconf 87' lang='lat' dir='ltr'>magnos</span> <span class='ocrx_word' id='word_1_94' title='bbox 1609 788 1765 825; x_wconf 82' lang='lat' dir='ltr'>habeant</span> <span class='ocrx_word' id='word_1_95' title='bbox 1790 794 1828 825; x_wconf 84' lang='lat' dir='ltr'>et</span> 
     </span>
     <span class='ocr_line' id='line_1_13' title="bbox 479 843 1826 903; baseline 0.008 -25"><span class='ocrx_word' id='word_1_96' title='bbox 479 843 733 881; x_wconf 86' lang='lat' dir='ltr'>honestillirnos</span> <span class='ocrx_word' id='word_1_97' title='bbox 751 845 846 882; x_wconf 89' lang='lat' dir='ltr'>usus.</span> <span class='ocrx_word' id='word_1_98' title='bbox 902 846 1007 884; x_wconf 88' lang='lat' dir='ltr'>Unde</span> <span class='ocrx_word' id='word_1_99' title='bbox 1025 848 1209 885; x_wconf 87' lang='lat' dir='ltr'>concludit</span> <span class='ocrx_word' id='word_1_100' title='bbox 1227 850 1340 886; x_wconf 70' lang='lat' dir='ltr'>vitam</span> <span class='ocrx_word' id='word_1_101' title='bbox 1360 851 1506 888; x_wconf 86' lang='lat' dir='ltr'>beatam</span> <span class='ocrx_word' id='word_1_102' title='bbox 1527 851 1564 888; x_wconf 92' lang='lat' dir='ltr'>in</span> <span class='ocrx_word' id='word_1_103' title='bbox 1580 853 1669 888; x_wconf 88' lang='lat' dir='ltr'>bene</span> <span class='ocrx_word' id='word_1_104' title='bbox 1687 853 1826 903; x_wconf 88' lang='lat' dir='ltr'>agendo</span> 
     </span>
     <span class='ocr_line' id='line_1_14' title="bbox 477 905 1824 963; baseline 0.007 -22"><span class='ocrx_word' id='word_1_105' title='bbox 477 905 543 942; x_wconf 85' lang='lat' dir='ltr'>effe</span> <span class='ocrx_word' id='word_1_106' title='bbox 562 907 725 955; x_wconf 75' lang='lat' dir='ltr'>positam,</span> <span class='ocrx_word' id='word_1_107' title='bbox 743 913 779 944; x_wconf 91' lang='lat' dir='ltr'>et</span> <span class='ocrx_word' id='word_1_108' title='bbox 797 914 838 944; x_wconf 92' lang='lat' dir='ltr'>ut</span> <span class='ocrx_word' id='word_1_109' title='bbox 855 909 1098 947; x_wconf 82' lang='lat' dir='ltr'>communiter</span> <span class='ocrx_word' id='word_1_110' title='bbox 1117 911 1353 960; x_wconf 78' lang='lat' dir='ltr'>Reipublicae,</span> <span class='ocrx_word' id='word_1_111' title='bbox 1373 913 1419 948; x_wconf 83' lang='lat' dir='ltr'>fic</span> <span class='ocrx_word' id='word_1_112' title='bbox 1436 918 1472 949; x_wconf 88' lang='lat' dir='ltr'>et</span> <span class='ocrx_word' id='word_1_113' title='bbox 1489 913 1711 962; x_wconf 70' lang='lat' dir='ltr'>singulorum</span> <span class='ocrx_word' id='word_1_114' title='bbox 1739 915 1824 963; x_wconf 89' lang='lat' dir='ltr'>qui-</span> 
     </span>
     <span class='ocr_line' id='line_1_15' title="bbox 476 971 1823 1026; baseline 0.007 -21"><span class='ocrx_word' id='word_1_115' title='bbox 476 982 622 1019; x_wconf 90' lang='lat' dir='ltr'>cunque</span> <span class='ocrx_word' id='word_1_116' title='bbox 641 971 722 1014; x_wconf 84' lang='lat' dir='ltr'>fint,</span> <span class='ocrx_word' id='word_1_117' title='bbox 742 971 855 1008; x_wconf 88' lang='lat' dir='ltr'>vitam</span> <span class='ocrx_word' id='word_1_118' title='bbox 874 973 1053 1022; x_wconf 86' lang='lat' dir='ltr'>optimam</span> <span class='ocrx_word' id='word_1_119' title='bbox 1081 973 1146 1010; x_wconf 83' lang='lat' dir='ltr'>effe</span> <span class='ocrx_word' id='word_1_120' title='bbox 1171 988 1251 1012; x_wconf 81' lang='lat' dir='ltr'>eam</span> <span class='ocrx_word' id='word_1_121' title='bbox 1281 988 1364 1024; x_wconf 86' lang='lat' dir='ltr'>quae</span> <span class='ocrx_word' id='word_1_122' title='bbox 1394 977 1432 1012; x_wconf 86' lang='lat' dir='ltr'>in</span> <span class='ocrx_word' id='word_1_123' title='bbox 1461 975 1604 1013; x_wconf 60' lang='lat' dir='ltr'>aetion-e</span> <span class='ocrx_word' id='word_1_124' title='bbox 1630 978 1823 1026; x_wconf 72' lang='lat' dir='ltr'>polita‘est.</span> 
     </span>
     <span class='ocr_line' id='line_1_16' title="bbox 475 1034 1822 1087; baseline 0.007 -18"><span class='ocrx_word' id='word_1_125' title='bbox 475 1034 530 1070; x_wconf 88' lang='lat' dir='ltr'>At</span> <span class='ocrx_word' id='word_1_126' title='bbox 552 1034 720 1071; x_wconf 89' lang='lat' dir='ltr'>Politicos</span> <span class='ocrx_word' id='word_1_127' title='bbox 739 1034 777 1071; x_wconf 89' lang='lat' dir='ltr'>in</span> <span class='ocrx_word' id='word_1_128' title='bbox 796 1048 837 1072; x_wconf 93' lang='lat' dir='ltr'>eo</span> <span class='ocrx_word' id='word_1_129' title='bbox 856 1048 983 1080; x_wconf 68' lang='lat' dir='ltr'>errare,</span> <span class='ocrx_word' id='word_1_130' title='bbox 1002 1037 1099 1086; x_wconf 91' lang='lat' dir='ltr'>quod</span> <span class='ocrx_word' id='word_1_131' title='bbox 1119 1037 1172 1074; x_wconf 88' lang='lat' dir='ltr'>illi</span> <span class='ocrx_word' id='word_1_132' title='bbox 1191 1045 1321 1087; x_wconf 88' lang='lat' dir='ltr'>putent</span> <span class='ocrx_word' id='word_1_133' title='bbox 1346 1038 1379 1076; x_wconf 93' lang='lat' dir='ltr'>se</span> <span class='ocrx_word' id='word_1_134' title='bbox 1406 1039 1498 1076; x_wconf 88' lang='lat' dir='ltr'>solos</span> <span class='ocrx_word' id='word_1_135' title='bbox 1521 1041 1736 1085; x_wconf 61' lang='lat' dir='ltr'>aetionibus,</span> <span class='ocrx_word' id='word_1_136' title='bbox 1756 1047 1822 1078; x_wconf 84' lang='lat' dir='ltr'>aut</span> 
     </span>
     <span class='ocr_line' id='line_1_17' title="bbox 474 1096 1820 1150; baseline 0.007 -17"><span class='ocrx_word' id='word_1_137' title='bbox 474 1096 562 1134; x_wconf 83' lang='lat' dir='ltr'>vitae</span> <span class='ocrx_word' id='word_1_138' title='bbox 579 1097 749 1147; x_wconf 73' lang='lat' dir='ltr'>pra6ticae</span> <span class='ocrx_word' id='word_1_139' title='bbox 766 1104 803 1135; x_wconf 90' lang='lat' dir='ltr'>et</span> <span class='ocrx_word' id='word_1_140' title='bbox 821 1098 973 1136; x_wconf 66' lang='lat' dir='ltr'>actuosae</span> <span class='ocrx_word' id='word_1_141' title='bbox 993 1099 1211 1145; x_wconf 85' lang='lat' dir='ltr'>incumbere,</span> <span class='ocrx_word' id='word_1_142' title='bbox 1231 1101 1318 1150; x_wconf 87' lang='lat' dir='ltr'>quia</span> <span class='ocrx_word' id='word_1_143' title='bbox 1344 1104 1498 1140; x_wconf 77' lang='lat' dir='ltr'>externis</span> <span class='ocrx_word' id='word_1_144' title='bbox 1517 1103 1659 1147; x_wconf 81' lang='lat' dir='ltr'>officiis,</span> <span class='ocrx_word' id='word_1_145' title='bbox 1676 1112 1711 1142; x_wconf 90' lang='lat' dir='ltr'>et</span> <span class='ocrx_word' id='word_1_146' title='bbox 1731 1105 1820 1142; x_wconf 83' lang='lat' dir='ltr'>Rei-</span> 
     </span>
     <span class='ocr_line' id='line_1_18' title="bbox 474 1160 1818 1218; baseline 0.007 -22"><span class='ocrx_word' id='word_1_147' title='bbox 474 1161 630 1209; x_wconf 86' lang='lat' dir='ltr'>publicae</span> <span class='ocrx_word' id='word_1_148' title='bbox 650 1162 819 1210; x_wconf 81' lang='lat' dir='ltr'>negotiiS,</span> <span class='ocrx_word' id='word_1_149' title='bbox 839 1160 1001 1210; x_wconf 78' lang='lat' dir='ltr'>judiciiS,</span> <span class='ocrx_word' id='word_1_150' title='bbox 1028 1164 1255 1200; x_wconf 86' lang='lat' dir='ltr'>commerciis</span> <span class='ocrx_word' id='word_1_151' title='bbox 1281 1172 1435 1208; x_wconf 84' lang='lat' dir='ltr'>vacant;</span> <span class='ocrx_word' id='word_1_152' title='bbox 1464 1167 1562 1215; x_wconf 73' lang='lat' dir='ltr'>quati</span> <span class='ocrx_word' id='word_1_153' title='bbox 1581 1168 1627 1204; x_wconf 90' lang='lat' dir='ltr'>ad</span> <span class='ocrx_word' id='word_1_154' title='bbox 1644 1168 1818 1218; x_wconf 77' lang='lat' dir='ltr'>simplici-</span> 
     </span>
     <span class='ocr_line' id='line_1_19' title="bbox 472 1224 1816 1282; baseline 0.006 -21"><span class='ocrx_word' id='word_1_155' title='bbox 472 1231 528 1261; x_wconf 87' lang='lat' dir='ltr'>ter</span> <span class='ocrx_word' id='word_1_156' title='bbox 545 1224 638 1262; x_wconf 68' lang='lat' dir='ltr'>reEte</span> <span class='ocrx_word' id='word_1_157' title='bbox 657 1226 840 1274; x_wconf 91' lang='lat' dir='ltr'>agendum</span> <span class='ocrx_word' id='word_1_158' title='bbox 859 1232 1005 1263; x_wconf 84' lang='lat' dir='ltr'>externa</span> <span class='ocrx_word' id='word_1_159' title='bbox 1022 1227 1146 1276; x_wconf 82' lang='lat' dir='ltr'>aliqua</span> <span class='ocrx_word' id='word_1_160' title='bbox 1164 1228 1309 1277; x_wconf 89' lang='lat' dir='ltr'>publica</span> <span class='ocrx_word' id='word_1_161' title='bbox 1325 1236 1360 1266; x_wconf 91' lang='lat' dir='ltr'>et</span> <span class='ocrx_word' id='word_1_162' title='bbox 1379 1228 1549 1266; x_wconf 83' lang='lat' dir='ltr'>senfibilis</span> <span class='ocrx_word' id='word_1_163' title='bbox 1571 1230 1668 1268; x_wconf 64' lang='lat' dir='ltr'>actio</span> <span class='ocrx_word' id='word_1_164' title='bbox 1695 1233 1816 1282; x_wconf 88' lang='lat' dir='ltr'>requi-</span> 
     </span>
     <span class='ocr_line' id='line_1_20' title="bbox 470 1289 1846 1331; baseline 0.005 -7"><span class='ocrx_word' id='word_1_165' title='bbox 470 1294 584 1326; x_wconf 83' lang='lat' dir='ltr'>ratur.</span> <span class='ocrx_word' id='word_1_166' title='bbox 638 1289 721 1326; x_wconf 90' lang='lat' dir='ltr'>Hoc</span> <span class='ocrx_word' id='word_1_167' title='bbox 748 1289 847 1325; x_wconf 90' lang='lat' dir='ltr'>enim</span> <span class='ocrx_word' id='word_1_168' title='bbox 877 1289 1007 1326; x_wconf 84' lang='lat' dir='ltr'>falsum</span> <span class='ocrx_word' id='word_1_169' title='bbox 1035 1290 1095 1327; x_wconf 88' lang='lat' dir='ltr'>est.</span> <span class='ocrx_word' id='word_1_170' title='bbox 1150 1290 1253 1328; x_wconf 85' lang='lat' dir='ltr'>Licet</span> <span class='ocrx_word' id='word_1_171' title='bbox 1277 1291 1376 1329; x_wconf 89' lang='lat' dir='ltr'>enim</span> <span class='ocrx_word' id='word_1_172' title='bbox 1403 1291 1485 1329; x_wconf 57' lang='lat' dir='ltr'>aaa</span> <span class='ocrx_word' id='word_1_173' title='bbox 1510 1292 1573 1329; x_wconf 87' lang='lat' dir='ltr'>illa</span> <span class='ocrx_word' id='word_1_174' title='bbox 1603 1293 1754 1331; x_wconf 83' lang='lat' dir='ltr'>Politica</span> <span class='ocrx_word' id='word_1_175' title='bbox 1779 1300 1816 1331; x_wconf 90' lang='lat' dir='ltr'>et</span> <span class='ocrx_word' id='word_1_176' title='bbox 1842 1317 1846 1320; x_wconf 90' lang='lat'><em>-</em></span> 
     </span>
     <span class='ocr_line' id='line_1_21' title="bbox 471 1350 1816 1402; baseline 0.006 -15"><span class='ocrx_word' id='word_1_177' title='bbox 471 1352 630 1400; x_wconf 89' lang='lat' dir='ltr'>publica,</span> <span class='ocrx_word' id='word_1_178' title='bbox 656 1350 836 1401; x_wconf 85' lang='lat' dir='ltr'>justitiam</span> <span class='ocrx_word' id='word_1_179' title='bbox 867 1365 1038 1396; x_wconf 83' lang='lat' dir='ltr'>exercere,</span> <span class='ocrx_word' id='word_1_180' title='bbox 1066 1353 1244 1402; x_wconf 86' lang='lat' dir='ltr'>populum</span> <span class='ocrx_word' id='word_1_181' title='bbox 1273 1367 1483 1400; x_wconf 87' lang='lat' dir='ltr'>convocare,</span> <span class='ocrx_word' id='word_1_182' title='bbox 1511 1356 1677 1400; x_wconf 77' lang='lat' dir='ltr'>aedificia,</span> <span class='ocrx_word' id='word_1_183' title='bbox 1704 1350 1816 1402; x_wconf 73' lang='lat' dir='ltr'>vicos,</span> 
     </span>
     <span class='ocr_line' id='line_1_22' title="bbox 472 1416 1815 1472; baseline 0.005 -20"><span class='ocrx_word' id='word_1_184' title='bbox 472 1428 577 1465; x_wconf 85' lang='lat' dir='ltr'>agros</span> <span class='ocrx_word' id='word_1_185' title='bbox 596 1429 718 1453; x_wconf 86' lang='lat' dir='ltr'>curare</span> <span class='ocrx_word' id='word_1_186' title='bbox 736 1422 772 1453; x_wconf 90' lang='lat' dir='ltr'>et</span> <span class='ocrx_word' id='word_1_187' title='bbox 789 1416 932 1461; x_wconf 78' lang='lat' dir='ltr'>similia,</span> <span class='ocrx_word' id='word_1_188' title='bbox 949 1416 1061 1466; x_wconf 83' lang='lat' dir='ltr'>vulgo</span> <span class='ocrx_word' id='word_1_189' title='bbox 1077 1417 1246 1455; x_wconf 80' lang='lat' dir='ltr'>dicantur</span> <span class='ocrx_word' id='word_1_190' title='bbox 1262 1430 1391 1468; x_wconf 79' lang='lat' dir='ltr'>praxea</span> <span class='ocrx_word' id='word_1_191' title='bbox 1410 1419 1477 1456; x_wconf 83' lang='lat' dir='ltr'>five</span> <span class='ocrx_word' id='word_1_192' title='bbox 1504 1419 1678 1466; x_wconf 62' lang='lat' dir='ltr'>actiones,</span> <span class='ocrx_word' id='word_1_193' title='bbox 1696 1422 1815 1472; x_wconf 83' lang='lat' dir='ltr'>poffu-</span> 
     </span>
    </p>
   </div>
   <div class='ocr_carea' id='block_1_5' title="bbox 258 1480 1814 1533">
    <p class='ocr_par' dir='ltr' id='par_1_5' title="bbox 258 1480 1814 1533">
     <span class='ocr_line' id='line_1_23' title="bbox 258 1480 1814 1533; baseline 0.004 -17"><span class='ocrx_word' id='word_1_194' title='bbox 258 1497 421 1529; x_wconf 75' lang='lat' dir='ltr'>ratiocina.</span> <span class='ocrx_word' id='word_1_195' title='bbox 473 1493 554 1517; x_wconf 90' lang='lat' dir='ltr'>mus</span> <span class='ocrx_word' id='word_1_196' title='bbox 573 1486 695 1517; x_wconf 86' lang='lat' dir='ltr'>tamen</span> <span class='ocrx_word' id='word_1_197' title='bbox 716 1480 855 1517; x_wconf 88' lang='lat' dir='ltr'>meliori</span> <span class='ocrx_word' id='word_1_198' title='bbox 875 1480 956 1530; x_wconf 86' lang='lat' dir='ltr'>jure</span> <span class='ocrx_word' id='word_1_199' title='bbox 974 1480 1273 1530; x_wconf 85' lang='lat' dir='ltr'>Philosophorum</span> <span class='ocrx_word' id='word_1_200' title='bbox 1299 1480 1434 1533; x_wconf 65' lang='grc' dir='ltr'>θεωρίας</span> <span class='ocrx_word' id='word_1_201' title='bbox 1460 1483 1519 1521; x_wconf 74' lang='grc' dir='ltr'>καὶ</span> <span class='ocrx_word' id='word_1_202' title='bbox 1547 1482 1737 1530; x_wconf 67' lang='grc' dir='ltr'>διανοῆσιις,</span> <span class='ocrx_word' id='word_1_203' title='bbox 1756 1486 1814 1522; x_wconf 87' lang='lat' dir='ltr'>in-</span> 
     </span>
    </p>
   </div>
   <div class='ocr_carea' id='block_1_6' title="bbox 256 1538 368 1571">
    <p class='ocr_par' dir='ltr' id='par_1_6' title="bbox 256 1538 368 1571">
     <span class='ocr_line' id='line_1_24' title="bbox 256 1538 368 1571; baseline 0.027 -3"><span class='ocrx_word' id='word_1_204' title='bbox 256 1538 368 1571; x_wconf 84' lang='lat' dir='ltr'>tiones.</span> 
     </span>
    </p>
   </div>
   <div class='ocr_carea' id='block_1_7' title="bbox 247 1987 403 2108">
    <p class='ocr_par' dir='ltr' id='par_1_7' title="bbox 247 1987 403 2108">
     <span class='ocr_line' id='line_1_25' title="bbox 247 1987 403 2021; baseline 0 0"><span class='ocrx_word' id='word_1_205' title='bbox 247 1988 308 2021; x_wconf 80' lang='lat' dir='ltr'>Dei</span> <span class='ocrx_word' id='word_1_206' title='bbox 323 1987 403 2021; x_wconf 77' lang='lat' dir='ltr'>affio</span> 
     </span>
     <span class='ocr_line' id='line_1_26' title="bbox 249 2041 376 2064; baseline 0.016 -2"><span class='ocrx_word' id='word_1_207' title='bbox 249 2041 376 2064; x_wconf 60' lang='lat' dir='ltr'>externa</span> 
     </span>
     <span class='ocr_line' id='line_1_27' title="bbox 247 2078 346 2108; baseline 0 0"><span class='ocrx_word' id='word_1_208' title='bbox 247 2078 346 2108; x_wconf 73' lang='lat' dir='ltr'>uuna.</span> 
     </span>
    </p>
   </div>
   <div class='ocr_carea' id='block_1_8' title="bbox 467 1544 1814 1662">
    <p class='ocr_par' dir='ltr' id='par_1_8' title="bbox 467 1544 1814 1662">
     <span class='ocr_line' id='line_1_28' title="bbox 470 1544 1812 1596; baseline 0.005 -16"><span class='ocrx_word' id='word_1_209' title='bbox 470 1545 553 1593; x_wconf 89' lang='lat' dir='ltr'>quit</span> <span class='ocrx_word' id='word_1_210' title='bbox 582 1545 803 1587; x_wconf 79' lang='lat' dir='ltr'>Aristoteles,</span> <span class='ocrx_word' id='word_1_211' title='bbox 831 1558 955 1582; x_wconf 88' lang='lat' dir='ltr'>vocare</span> <span class='ocrx_word' id='word_1_212' title='bbox 983 1544 1154 1590; x_wconf 67' lang='lat' dir='ltr'>aestiones,</span> <span class='ocrx_word' id='word_1_213' title='bbox 1184 1551 1312 1596; x_wconf 86' lang='lat' dir='ltr'>utpote</span> <span class='ocrx_word' id='word_1_214' title='bbox 1340 1546 1581 1595; x_wconf 62' lang='lat' dir='ltr'>perfectiores,</span> <span class='ocrx_word' id='word_1_215' title='bbox 1610 1555 1648 1586; x_wconf 88' lang='lat' dir='ltr'>et</span> <span class='ocrx_word' id='word_1_216' title='bbox 1677 1549 1812 1586; x_wconf 86' lang='lat' dir='ltr'>Archi·-</span> 
     </span>
     <span class='ocr_line' id='line_1_29' title="bbox 467 1607 1814 1662; baseline 0.004 -18"><span class='ocrx_word' id='word_1_217' title='bbox 467 1607 690 1645; x_wconf 62' lang='lat' dir='ltr'>teetonicas:</span> <span class='ocrx_word' id='word_1_218' title='bbox 721 1607 916 1657; x_wconf 79' lang='lat' dir='ltr'>praesertim</span> <span class='ocrx_word' id='word_1_219' title='bbox 936 1621 1019 1645; x_wconf 92' lang='lat' dir='ltr'>cum</span> <span class='ocrx_word' id='word_1_220' title='bbox 1039 1621 1099 1645; x_wconf 86' lang='lat' dir='ltr'>eos</span> <span class='ocrx_word' id='word_1_221' title='bbox 1126 1608 1283 1646; x_wconf 81' lang='lat' dir='ltr'>maxime</span> <span class='ocrx_word' id='word_1_222' title='bbox 1310 1621 1414 1659; x_wconf 86' lang='lat' dir='ltr'>agere</span> <span class='ocrx_word' id='word_1_223' title='bbox 1441 1622 1567 1648; x_wconf 88' lang='lat' dir='ltr'>omnes</span> <span class='ocrx_word' id='word_1_224' title='bbox 1590 1612 1726 1656; x_wconf 81' lang='lat' dir='ltr'>dicant,</span> <span class='ocrx_word' id='word_1_225' title='bbox 1746 1614 1814 1662; x_wconf 81' lang='lat' dir='ltr'>qui</span> 
     </span>
    </p>
   </div>
   <div class='ocr_carea' id='block_1_9' title="bbox 463 1671 1809 1785">
    <p class='ocr_par' dir='ltr' id='par_1_9' title="bbox 463 1671 1809 1785">
     <span class='ocr_line' id='line_1_30' title="bbox 463 1671 1809 1723; baseline 0.004 -15"><span class='ocrx_word' id='word_1_226' title='bbox 463 1671 652 1708; x_wconf 83' lang='lat' dir='ltr'>confilium</span> <span class='ocrx_word' id='word_1_227' title='bbox 672 1672 761 1708; x_wconf 82' lang='lat' dir='ltr'>dant</span> <span class='ocrx_word' id='word_1_228' title='bbox 789 1672 932 1721; x_wconf 85' lang='lat' dir='ltr'>agendi,</span> <span class='ocrx_word' id='word_1_229' title='bbox 951 1671 1007 1709; x_wconf 88' lang='lat' dir='ltr'>vel</span> <span class='ocrx_word' id='word_1_230' title='bbox 1034 1671 1174 1721; x_wconf 87' lang='lat' dir='ltr'>aliquid</span> <span class='ocrx_word' id='word_1_231' title='bbox 1201 1672 1430 1721; x_wconf 81' lang='lat' dir='ltr'>praecipiunt,</span> <span class='ocrx_word' id='word_1_232' title='bbox 1449 1680 1512 1711; x_wconf 88' lang='lat' dir='ltr'>aut</span> <span class='ocrx_word' id='word_1_233' title='bbox 1536 1676 1809 1723; x_wconf 89' lang='lat' dir='ltr'>quomodocun-</span> 
     </span>
     <span class='ocr_line' id='line_1_31' title="bbox 463 1735 1807 1785; baseline 0.004 -13"><span class='ocrx_word' id='word_1_234' title='bbox 463 1748 535 1784; x_wconf 86' lang='lat' dir='ltr'>que</span> <span class='ocrx_word' id='word_1_235' title='bbox 553 1735 803 1785; x_wconf 73' lang='lat' dir='ltr'>praestribunt,</span> <span class='ocrx_word' id='word_1_236' title='bbox 821 1736 905 1772; x_wconf 89' lang='lat' dir='ltr'>licet</span> <span class='ocrx_word' id='word_1_237' title='bbox 922 1735 986 1785; x_wconf 75' lang='lat' dir='ltr'>ipsi</span> <span class='ocrx_word' id='word_1_238' title='bbox 1005 1748 1113 1785; x_wconf 88' lang='lat' dir='ltr'>opera</span> <span class='ocrx_word' id='word_1_239' title='bbox 1130 1741 1165 1773; x_wconf 88' lang='lat' dir='ltr'>et</span> <span class='ocrx_word' id='word_1_240' title='bbox 1185 1749 1296 1773; x_wconf 87' lang='lat' dir='ltr'>manu</span> <span class='ocrx_word' id='word_1_241' title='bbox 1315 1736 1409 1773; x_wconf 89' lang='lat' dir='ltr'>nihil</span> <span class='ocrx_word' id='word_1_242' title='bbox 1432 1737 1630 1775; x_wconf 84' lang='lat' dir='ltr'>moliantur</span> <span class='ocrx_word' id='word_1_243' title='bbox 1648 1746 1712 1776; x_wconf 87' lang='lat' dir='ltr'>aut</span> <span class='ocrx_word' id='word_1_244' title='bbox 1729 1739 1807 1777; x_wconf 80' lang='lat' dir='ltr'>effi-</span> 
     </span>
    </p>
   </div>
   <div class='ocr_carea' id='block_1_10' title="bbox 461 1798 1808 1850">
    <p class='ocr_par' dir='ltr' id='par_1_10' title="bbox 461 1798 1808 1850">
     <span class='ocr_line' id='line_1_32' title="bbox 461 1798 1808 1850; baseline 0.004 -13"><span class='ocrx_word' id='word_1_245' title='bbox 461 1798 574 1837; x_wconf 86' lang='lat' dir='ltr'>ciant.</span> <span class='ocrx_word' id='word_1_246' title='bbox 630 1800 742 1838; x_wconf 78' lang='lat' dir='ltr'>Quod</span> <span class='ocrx_word' id='word_1_247' title='bbox 773 1806 866 1837; x_wconf 89' lang='lat' dir='ltr'>certe</span> <span class='ocrx_word' id='word_1_248' title='bbox 898 1801 942 1838; x_wconf 89' lang='lat' dir='ltr'>de</span> <span class='ocrx_word' id='word_1_249' title='bbox 973 1798 1196 1850; x_wconf 85' lang='lat' dir='ltr'>Philosophis</span> <span class='ocrx_word' id='word_1_250' title='bbox 1226 1799 1299 1836; x_wconf 89' lang='lat' dir='ltr'>dici</span> <span class='ocrx_word' id='word_1_251' title='bbox 1329 1800 1455 1849; x_wconf 85' lang='lat' dir='ltr'>potest,</span> <span class='ocrx_word' id='word_1_252' title='bbox 1484 1801 1549 1850; x_wconf 85' lang='lat' dir='ltr'>qui</span> <span class='ocrx_word' id='word_1_253' title='bbox 1576 1802 1743 1840; x_wconf 56' lang='lat' dir='ltr'>doctrina</span> <span class='ocrx_word' id='word_1_254' title='bbox 1771 1811 1808 1842; x_wconf 80' lang='lat' dir='ltr'>et</span> 
     </span>
    </p>
   </div>
   <div class='ocr_carea' id='block_1_11' title="bbox 444 1862 1806 1918">
    <p class='ocr_par' dir='ltr' id='par_1_11' title="bbox 444 1862 1806 1918">
     <span class='ocr_line' id='line_1_33' title="bbox 444 1862 1806 1918; baseline 0.004 -18"><span class='ocrx_word' id='word_1_255' title='bbox 444 1863 607 1903; x_wconf 57' lang='lat' dir='ltr'>‘confilio</span> <span class='ocrx_word' id='word_1_256' title='bbox 637 1865 660 1900; x_wconf 88' lang='lat' dir='ltr'>fi</span> <span class='ocrx_word' id='word_1_257' title='bbox 690 1877 763 1901; x_wconf 88' lang='lat' dir='ltr'>non</span> <span class='ocrx_word' id='word_1_258' title='bbox 792 1863 947 1903; x_wconf 83' lang='lat' dir='ltr'>externis</span> <span class='ocrx_word' id='word_1_259' title='bbox 976 1862 1192 1908; x_wconf 65' lang='lat' dir='ltr'>astionibus,</span> <span class='ocrx_word' id='word_1_260' title='bbox 1220 1862 1362 1912; x_wconf 79' lang='lat' dir='ltr'>poffunt</span> <span class='ocrx_word' id='word_1_261' title='bbox 1391 1863 1675 1914; x_wconf 77' lang='lat' dir='ltr'>Rempnblicam</span> <span class='ocrx_word' id='word_1_262' title='bbox 1701 1866 1806 1918; x_wconf 84' lang='lat' dir='ltr'>adju·</span> 
     </span>
    </p>
   </div>
   <div class='ocr_carea' id='block_1_12' title="bbox 451 1923 1810 2618">
    <p class='ocr_par' dir='ltr' id='par_1_12' title="bbox 451 1923 1810 2618">
     <span class='ocr_line' id='line_1_34' title="bbox 459 1923 1805 1978; baseline 0.004 -14"><span class='ocrx_word' id='word_1_263' title='bbox 459 1938 557 1973; x_wconf 82' lang='lat' dir='ltr'>vare.</span> <span class='ocrx_word' id='word_1_264' title='bbox 612 1928 725 1965; x_wconf 76' lang='lat' dir='ltr'>Quod</span> <span class='ocrx_word' id='word_1_265' title='bbox 755 1928 794 1972; x_wconf 83' lang='lat' dir='ltr'>fi,</span> <span class='ocrx_word' id='word_1_266' title='bbox 828 1928 916 1977; x_wconf 85' lang='lat' dir='ltr'>quia</span> <span class='ocrx_word' id='word_1_267' title='bbox 947 1927 1059 1964; x_wconf 85' lang='lat' dir='ltr'>nullae</span> <span class='ocrx_word' id='word_1_268' title='bbox 1090 1923 1173 1964; x_wconf 81' lang='lat' dir='ltr'>&#39;sunt</span> <span class='ocrx_word' id='word_1_269' title='bbox 1201 1925 1406 1976; x_wconf 84' lang='lat' dir='ltr'>Philosophi</span> <span class='ocrx_word' id='word_1_270' title='bbox 1439 1927 1597 1965; x_wconf 68' lang='lat' dir='ltr'>actiones</span> <span class='ocrx_word' id='word_1_271' title='bbox 1632 1938 1805 1978; x_wconf 73' lang='lat' dir='ltr'>externae,</span> 
     </span>
     <span class='ocr_line' id='line_1_35' title="bbox 463 1991 1810 2043; baseline 0.003 -13"><span class='ocrx_word' id='word_1_272' title='bbox 463 1993 545 2030; x_wconf 90' lang='lat' dir='ltr'>ideo</span> <span class='ocrx_word' id='word_1_273' title='bbox 568 1993 680 2031; x_wconf 79' lang='lat' dir='ltr'>nullae</span> <span class='ocrx_word' id='word_1_274' title='bbox 710 1992 853 2043; x_wconf 85' lang='lat' dir='ltr'>prorsus</span> <span class='ocrx_word' id='word_1_275' title='bbox 879 1992 1000 2036; x_wconf 66' lang='lat' dir='ltr'>essent,</span> <span class='ocrx_word' id='word_1_276' title='bbox 1029 1991 1190 2042; x_wconf 61' lang='lat' dir='ltr'>profecto</span> <span class='ocrx_word' id='word_1_277' title='bbox 1218 1992 1303 2035; x_wconf 84' lang='lat' dir='ltr'>Dei,</span> <span class='ocrx_word' id='word_1_278' title='bbox 1333 1993 1533 2042; x_wconf 72' lang='lat' dir='ltr'>mundique</span> <span class='ocrx_word' id='word_1_279' title='bbox 1567 1995 1678 2033; x_wconf 77' lang='lat' dir='ltr'>totius</span> <span class='ocrx_word' id='word_1_280' title='bbox 1710 1996 1810 2034; x_wconf 54' lang='lat' dir='ltr'>aetio</span> 
     </span>
     <span class='ocr_line' id='line_1_36' title="bbox 461 2054 1809 2104; baseline 0.002 -11"><span class='ocrx_word' id='word_1_281' title='bbox 461 2056 563 2093; x_wconf 79' lang='lat' dir='ltr'>nulla</span> <span class='ocrx_word' id='word_1_282' title='bbox 579 2056 675 2100; x_wconf 80' lang='lat' dir='ltr'>effet,</span> <span class='ocrx_word' id='word_1_283' title='bbox 693 2069 778 2093; x_wconf 91' lang='lat' dir='ltr'>cum</span> <span class='ocrx_word' id='word_1_284' title='bbox 807 2057 887 2093; x_wconf 90' lang='lat' dir='ltr'>Deo</span> <span class='ocrx_word' id='word_1_285' title='bbox 905 2063 940 2093; x_wconf 87' lang='lat' dir='ltr'>et</span> <span class='ocrx_word' id='word_1_286' title='bbox 961 2055 1097 2091; x_wconf 87' lang='lat' dir='ltr'>mundo</span> <span class='ocrx_word' id='word_1_287' title='bbox 1123 2054 1248 2098; x_wconf 69' lang='lat' dir='ltr'>nullae,</span> <span class='ocrx_word' id='word_1_288' title='bbox 1270 2054 1389 2104; x_wconf 89' lang='lat' dir='ltr'>inquit</span> <span class='ocrx_word' id='word_1_289' title='bbox 1410 2056 1633 2100; x_wconf 77' lang='lat' dir='ltr'>Aristoteles,</span> <span class='ocrx_word' id='word_1_290' title='bbox 1649 2064 1809 2097; x_wconf 82' lang='lat' dir='ltr'>externae</span> 
     </span>
     <span class='ocr_line' id='line_1_37' title="bbox 460 2117 1804 2169; baseline 0.001 -12"><span class='ocrx_word' id='word_1_291' title='bbox 460 2120 620 2157; x_wconf 66' lang='lat' dir='ltr'>actiones</span> <span class='ocrx_word' id='word_1_292' title='bbox 652 2122 759 2169; x_wconf 84' lang='lat' dir='ltr'>(puta</span> <span class='ocrx_word' id='word_1_293' title='bbox 788 2120 844 2156; x_wconf 79' lang='lat' dir='ltr'>vel</span> <span class='ocrx_word' id='word_1_294' title='bbox 876 2125 977 2155; x_wconf 84' lang='lat' dir='ltr'>extra</span> <span class='ocrx_word' id='word_1_295' title='bbox 1008 2117 1056 2161; x_wconf 88' lang='lat' dir='ltr'>se,</span> <span class='ocrx_word' id='word_1_296' title='bbox 1088 2118 1143 2154; x_wconf 81' lang='lat' dir='ltr'>vel</span> <span class='ocrx_word' id='word_1_297' title='bbox 1176 2118 1346 2154; x_wconf 85' lang='lat' dir='ltr'>humanis</span> <span class='ocrx_word' id='word_1_298' title='bbox 1379 2118 1522 2163; x_wconf 73' lang='lat' dir='ltr'>ssmiles,</span> <span class='ocrx_word' id='word_1_299' title='bbox 1544 2126 1595 2164; x_wconf 73' lang='lat' dir='ltr'>ut</span> <span class='ocrx_word' id='word_1_300' title='bbox 1630 2122 1804 2168; x_wconf 85' lang='lat' dir='ltr'>venditio,</span> 
     </span>
     <span class='ocr_line' id='line_1_38' title="bbox 453 2181 1802 2234; baseline 0.001 -12"><span class='ocrx_word' id='word_1_301' title='bbox 453 2185 609 2234; x_wconf 82' lang='lat' dir='ltr'>emptio,</span> <span class='ocrx_word' id='word_1_302' title='bbox 640 2184 736 2222; x_wconf 63' lang='lat' dir='ltr'>aetio</span> <span class='ocrx_word' id='word_1_303' title='bbox 766 2183 1004 2225; x_wconf 68' lang='lat' dir='ltr'>fortitudinia,</span> <span class='ocrx_word' id='word_1_304' title='bbox 1035 2181 1300 2232; x_wconf 81' lang='lat' dir='ltr'>temperantiae)</span> <span class='ocrx_word' id='word_1_305' title='bbox 1331 2182 1438 2220; x_wconf 84' lang='lat' dir='ltr'>infint</span> <span class='ocrx_word' id='word_1_306' title='bbox 1466 2190 1528 2220; x_wconf 87' lang='lat' dir='ltr'>aut</span> <span class='ocrx_word' id='word_1_307' title='bbox 1555 2185 1773 2223; x_wconf 80' lang='lat' dir='ltr'>conveniant</span> <span class='ocrx_word' id='word_1_308' title='bbox 1788 2203 1802 2232; x_wconf 63' lang='grc' dir='ltr'><strong><em>ς</em></strong></span> 
     </span>
     <span class='ocr_line' id='line_1_39' title="bbox 455 2245 1801 2297; baseline 0.001 -11"><span class='ocrx_word' id='word_1_309' title='bbox 455 2248 514 2286; x_wconf 91' lang='lat' dir='ltr'>sed</span> <span class='ocrx_word' id='word_1_310' title='bbox 535 2249 694 2286; x_wconf 79' lang='lat' dir='ltr'>internae.</span> <span class='ocrx_word' id='word_1_311' title='bbox 711 2254 747 2284; x_wconf 88' lang='lat' dir='ltr'>et</span> <span class='ocrx_word' id='word_1_312' title='bbox 774 2260 857 2297; x_wconf 87' lang='lat' dir='ltr'>quae</span> <span class='ocrx_word' id='word_1_313' title='bbox 887 2246 971 2283; x_wconf 91' lang='lat' dir='ltr'>sunt</span> <span class='ocrx_word' id='word_1_314' title='bbox 996 2258 1120 2283; x_wconf 86' lang='lat' dir='ltr'>eorum</span> <span class='ocrx_word' id='word_1_315' title='bbox 1148 2246 1316 2295; x_wconf 81' lang='lat' dir='ltr'>propriae.</span> <span class='ocrx_word' id='word_1_316' title='bbox 1369 2245 1499 2285; x_wconf 83' lang='lat' dir='ltr'>Dicere</span> <span class='ocrx_word' id='word_1_317' title='bbox 1518 2253 1638 2284; x_wconf 89' lang='lat' dir='ltr'>autem</span> <span class='ocrx_word' id='word_1_318' title='bbox 1660 2249 1801 2288; x_wconf 62' lang='lat' dir='ltr'>nullam</span> 
     </span>
     <span class='ocr_line' id='line_1_40' title="bbox 453 2309 1802 2362; baseline 0.001 -12"><span class='ocrx_word' id='word_1_319' title='bbox 453 2313 548 2359; x_wconf 83' lang='lat' dir='ltr'>D&#39;eo,</span> <span class='ocrx_word' id='word_1_320' title='bbox 568 2314 777 2361; x_wconf 86' lang='lat' dir='ltr'>mundoque</span> <span class='ocrx_word' id='word_1_321' title='bbox 805 2311 873 2348; x_wconf 88' lang='lat' dir='ltr'>toti</span> <span class='ocrx_word' id='word_1_322' title='bbox 901 2310 1092 2347; x_wconf 86' lang='lat' dir='ltr'>convenire</span> <span class='ocrx_word' id='word_1_323' title='bbox 1120 2310 1315 2354; x_wconf 61' lang='lat' dir='ltr'>aetionem,</span> <span class='ocrx_word' id='word_1_324' title='bbox 1336 2309 1466 2347; x_wconf 85' lang='lat' dir='ltr'>falsum</span> <span class='ocrx_word' id='word_1_325' title='bbox 1496 2320 1531 2348; x_wconf 88' lang='lat' dir='ltr'>et</span> <span class='ocrx_word' id='word_1_326' title='bbox 1560 2312 1717 2362; x_wconf 82' lang='lat' dir='ltr'>impium</span> <span class='ocrx_word' id='word_1_327' title='bbox 1737 2314 1802 2354; x_wconf 72' lang='lat' dir='ltr'>est.</span> 
     </span>
     <span class='ocr_line' id='line_1_41' title="bbox 452 2373 1799 2427; baseline 0.001 -13"><span class='ocrx_word' id='word_1_328' title='bbox 452 2377 554 2415; x_wconf 81' lang='lat' dir='ltr'>Deus</span> <span class='ocrx_word' id='word_1_329' title='bbox 573 2377 671 2414; x_wconf 88' lang='lat' dir='ltr'>enim</span> <span class='ocrx_word' id='word_1_330' title='bbox 698 2375 801 2412; x_wconf 64' lang='lat' dir='ltr'>aetus</span> <span class='ocrx_word' id='word_1_331' title='bbox 827 2375 876 2411; x_wconf 81' lang='lat' dir='ltr'>est</span> <span class='ocrx_word' id='word_1_332' title='bbox 903 2387 1015 2424; x_wconf 84' lang='lat' dir='ltr'>purus</span> <span class='ocrx_word' id='word_1_333' title='bbox 1042 2381 1077 2411; x_wconf 89' lang='lat' dir='ltr'>et</span> <span class='ocrx_word' id='word_1_334' title='bbox 1104 2373 1385 2423; x_wconf 71' lang='lat' dir='ltr'>perfectiffimus.</span> <span class='ocrx_word' id='word_1_335' title='bbox 1440 2375 1490 2411; x_wconf 87' lang='lat' dir='ltr'>Et</span> <span class='ocrx_word' id='word_1_336' title='bbox 1513 2378 1799 2427; x_wconf 81' lang='lat' dir='ltr'>unumquodque</span> 
     </span>
     <span class='ocr_line' id='line_1_42' title="bbox 452 2436 1799 2488; baseline 0.001 -11"><span class='ocrx_word' id='word_1_337' title='bbox 452 2440 490 2477; x_wconf 91' lang='lat' dir='ltr'>in</span> <span class='ocrx_word' id='word_1_338' title='bbox 520 2440 660 2476; x_wconf 88' lang='lat' dir='ltr'>mundo</span> <span class='ocrx_word' id='word_1_339' title='bbox 686 2439 735 2475; x_wconf 86' lang='lat' dir='ltr'>est</span> <span class='ocrx_word' id='word_1_340' title='bbox 763 2444 910 2488; x_wconf 88' lang='lat' dir='ltr'>propter</span> <span class='ocrx_word' id='word_1_341' title='bbox 937 2437 1039 2474; x_wconf 89' lang='lat' dir='ltr'>suum</span> <span class='ocrx_word' id='word_1_342' title='bbox 1068 2436 1222 2486; x_wconf 83' lang='lat' dir='ltr'>operari,</span> <span class='ocrx_word' id='word_1_343' title='bbox 1249 2451 1298 2474; x_wconf 69' lang='lat' dir='ltr'>ex⁴</span> <span class='ocrx_word' id='word_1_344' title='bbox 1320 2437 1384 2474; x_wconf 90' lang='lat' dir='ltr'>lib.</span> <span class='ocrx_word' id='word_1_345' title='bbox 1405 2437 1430 2475; x_wconf 90' lang='lat' dir='ltr'>i.</span> <span class='ocrx_word' id='word_1_346' title='bbox 1458 2439 1501 2475; x_wconf 92' lang='lat' dir='ltr'>de</span> <span class='ocrx_word' id='word_1_347' title='bbox 1529 2439 1645 2476; x_wconf 91' lang='lat' dir='ltr'>Coelo.</span> <span class='ocrx_word' id='word_1_348' title='bbox 1701 2441 1799 2479; x_wconf 89' lang='lat' dir='ltr'>Con-</span> 
     </span>
     <span class='ocr_line' id='line_1_43' title="bbox 452 2501 1798 2550; baseline -0.001 -8"><span class='ocrx_word' id='word_1_349' title='bbox 452 2505 568 2542; x_wconf 87' lang='lat' dir='ltr'>cludit</span> <span class='ocrx_word' id='word_1_350' title='bbox 594 2517 638 2540; x_wconf 87' lang='lat' dir='ltr'>ex</span> <span class='ocrx_word' id='word_1_351' title='bbox 665 2502 774 2541; x_wconf 68' lang='lat' dir='ltr'>dietis</span> <span class='ocrx_word' id='word_1_352' title='bbox 798 2502 963 2540; x_wconf 85' lang='lat' dir='ltr'>eamdem</span> <span class='ocrx_word' id='word_1_353' title='bbox 990 2501 1056 2538; x_wconf 82' lang='lat' dir='ltr'>effe</span> <span class='ocrx_word' id='word_1_354' title='bbox 1082 2501 1262 2550; x_wconf 86' lang='lat' dir='ltr'>optimam</span> <span class='ocrx_word' id='word_1_355' title='bbox 1285 2501 1397 2538; x_wconf 83' lang='lat' dir='ltr'>vitam</span> <span class='ocrx_word' id='word_1_356' title='bbox 1422 2501 1613 2539; x_wconf 86' lang='lat' dir='ltr'>civitatum</span> <span class='ocrx_word' id='word_1_357' title='bbox 1634 2503 1704 2540; x_wconf 84' lang='lat' dir='ltr'>five</span> <span class='ocrx_word' id='word_1_358' title='bbox 1722 2505 1798 2542; x_wconf 88' lang='lat' dir='ltr'>Rc-</span> 
     </span>
     <span class='ocr_line' id='line_1_44' title="bbox 451 2563 1799 2618; baseline 0 -13"><span class='ocrx_word' id='word_1_359' title='bbox 451 2567 767 2617; x_wconf 77' lang='lat' dir='ltr'>rumpublicarum</span> <span class='ocrx_word' id='word_1_360' title='bbox 797 2566 835 2602; x_wconf 90' lang='lat' dir='ltr'>in</span> <span class='ocrx_word' id='word_1_361' title='bbox 861 2564 1077 2607; x_wconf 74' lang='lat' dir='ltr'>communi3</span> <span class='ocrx_word' id='word_1_362' title='bbox 1105 2570 1141 2601; x_wconf 88' lang='lat' dir='ltr'>et</span> <span class='ocrx_word' id='word_1_363' title='bbox 1167 2563 1390 2614; x_wconf 86' lang='lat' dir='ltr'>fingulorum</span> <span class='ocrx_word' id='word_1_364' title='bbox 1414 2565 1606 2603; x_wconf 87' lang='lat' dir='ltr'>hominum</span> <span class='ocrx_word' id='word_1_365' title='bbox 1627 2565 1663 2604; x_wconf 87' lang='lat' dir='ltr'>in</span> <span class='ocrx_word' id='word_1_366' title='bbox 1683 2569 1799 2618; x_wconf 80' lang='lat' dir='ltr'>parti-</span> 
     </span>
    </p>
   </div>
   <div class='ocr_carea' id='block_1_13' title="bbox 451 2627 1257 2681">
    <p class='ocr_par' dir='ltr' id='par_1_13' title="bbox 451 2627 1257 2681">
     <span class='ocr_line' id='line_1_45' title="bbox 451 2627 1257 2681; baseline -0.005 -11"><span class='ocrx_word' id='word_1_367' title='bbox 451 2632 564 2672; x_wconf 75' lang='lat' dir='ltr'>culari</span> <span class='ocrx_word' id='word_1_368' title='bbox 580 2646 590 2670; x_wconf 90' lang='lat'><strong>:</strong></span> <span class='ocrx_word' id='word_1_369' title='bbox 619 2631 738 2681; x_wconf 84' lang='lat' dir='ltr'>ficque</span> <span class='ocrx_word' id='word_1_370' title='bbox 755 2629 839 2668; x_wconf 88' lang='lat' dir='ltr'>libri</span> <span class='ocrx_word' id='word_1_371' title='bbox 856 2627 1086 2680; x_wconf 83' lang='lat' dir='ltr'>prooemialia</span> <span class='ocrx_word' id='word_1_372' title='bbox 1103 2627 1257 2670; x_wconf 59' lang='lat' dir='ltr'>claudit,</span> 
     </span>
    </p>
   </div>
  </div>
 </body>
</html>
